chateau-graulet-2014	0	-	La bouteille de 75 Cl.	7,50	-	-	10 € / L	-	-	
domaine-morand-2015	0	-	La bouteille de 75 Cl.	6,50 4,55	-	-	6.07 € / L	-	-	
mon-seul-reve	0	-	La bouteille de 75 Cl.	8,50	-	-	11.33 € / L	-	-	
tasciaca	0	-	La bouteille de 75 Cl.	11,50	-	-	15.33 € / L	-	-	
lambrusco-doux-rose-andrea-berro	0	-	La bouteille de 75 Cl.	3,90	-	-	5.2 € / L	-	-	
mas-de-lunes	0	-	La bouteille de 75 Cl.	8,50	-	-		-	-	
freixenet-cordon-negro	0	-	La bouteille de 75 Cl.	4,70	-	-	6.27 € / L	-	-	
la-gioiosa	0	-	La bouteille de 75 Cl.	8,50	-	-	11.33 € / L	-	-	
carpinius-tokaji-aszu-puttonyos	0	-	La bouteille de 50 Cl.	29,50	-	-	59 € / L	-	-	
defesa-do-esporao	0	-	La bouteille de 75 Cl.	7,95	-	-	10.6 € / L	-	-	
gruner-vetliner-eiswein-2016	0	-	La bouteille de 37,5 Cl.	12,50	-	-	33.33 € / L	-	-	
assobio-2015	0	-	La bouteille de 75 Cl.	8,20	-	-	10.93 € / L	-	-	
luma-grillo	0	-	La bouteille de 75 Cl.	7,60	-	-	10.13 € / L	-	-	
chateau-bodrog-5-puttonyos-2013	0	-	La bouteille de 50 Cl.	15,95	-	-	31.9 € / L	-	-	
costa-nera-by-las-ninas-reserva-cabernet-sauvignon-2016	0	-	La bouteille de 75 Cl.	6,95	-	-	9.27 € / L	-	-	
piccini-sasso-al-poggio-2012	0	-	La bouteille de 75 Cl.	8,95	-	-	11.93 € / L	-	-	
fontanafredda-2013	0	-	La bouteille de 75 Cl.	17,90	-	-	23.87 € / L	-	-	
penfolds-koonunga-hill-chardonnay-2016	0	-	La bouteille de 75 Cl.	8,99	-	-	11.99 € / L	-	-	
penfolds-koonunga-hill-shiraz-cabernet-2015	0	-	La bouteille de 75 Cl.	8,99	-	-	11.99 € / L	-	-	
allegrini-corte-giara	0	-	La bouteille de 75 Cl.	8,50	-	-	11.33 € / L	-	-	
il-palazzo	0	-	La bouteille de 75 Cl.	8,95	-	-	11.93 € / L	-	-	
mesta	0	-	La bouteille de 75 Cl.	3,95	-	-	5.27 € / L	-	-	
dragon-seal	0	-	La bouteille de 75 Cl.	5,70	-	-	7.6 € / L	-	-	
las-ninas-merlot-cabernet-sauvignon	0	-	La bouteille de 75 Cl.	7,45	-	-	9.93 € / L	-	-	
prosecco-signore-giuseppe-4167	0	-	La bouteille de 75 Cl.	5,90	-	-	7.87 € / L	-	-	
lambrusco-sec-rouge-andrea-berro-4238	0	-	La bouteille de 75 Cl.	3,90	-	-	5.2 € / L	-	-	
gruner-vetliner-eiswein	0	-	La bouteille de 37,5 Cl.	12,90	-	-	34.4 € / L	-	-	
lambrusco-doux-rouge-andrea-berro-4242	0	-	La bouteille de 75 Cl.	3,90	-	-	5.2 € / L	-	-	
deutz-blanc-de-blancs-3760143478469	0	-	La bouteille de 75 Cl.	50,90	-	-	67.87 € / L	-	-	
billecart-salmon-blanc-de-blancs	0	-	La bouteille de 75 Cl.	49,90	-	-	66.53 € / L	-	-	
ruinart-brut	0	-	La bouteille de 75 Cl.	42,00	-	-	56 € / L	-	-	
bollinger-special-cuvee	0	-	La bouteille de 75 Cl.	37,90	-	-	50.53 € / L	-	-	
roederer-brut-premier	0	-	La bouteille de 75 Cl.	35,50	-	-	47.33 € / L	-	-	
billecart-salmon-brut	0	-	La bouteille de 75 Cl.	32,90	-	-	43.87 € / L	-	-	
deutz-brut-classic	0	-	La bouteille de 75 Cl.	31,50	-	-	42 € / L	-	-	
pierre-launay-blanc-de-meunier	0	-	La bouteille de 75 Cl.	24,90	-	-	33.2 € / L	-	-	
lanson-millesime-2008	0	-	La bouteille de 75 Cl.	34,90	-	-	46.53 € / L	-	-	
laurent-perrier	0	-	La bouteille de 75 Cl.	28,99	-	-	38.65 € / L	-	-	
carpinius-tokaji-furmint-sec-4060	0	-	La bouteille de 75 Cl.	9,50	-	-	12.67 € / L	-	-	
ayala-brut-majeur	0	-	La bouteille de 75 Cl.	24,90	-	-	33.2 € / L	-	-	
gosset-brut-excellence	0	-	La bouteille de 75 Cl.	24,90	-	-	33.2 € / L	-	-	
philipponnat-royal-reserve	0	-	La bouteille de 75 Cl.	29,90	-	-	39.87 € / L	-	-	
pierre-launay-millesime-2011	0	-	La bouteille de 75 Cl.	20,95	-	-	27.93 € / L	-	-	
pierre-launay-selection	0	-	La bouteille de 75 Cl.	17,80	-	-	23.73 € / L	-	-	
pierre-launay-prestige	0	-	La bouteille de 75 Cl.	19,35	-	-	25.8 € / L	-	-	
pierre-launay-tradition-brut	0	-	La bouteille de 75 Cl.	16,70	-	-	22.27 € / L	-	-	
domaine-des-songes	0	-	La bouteille de 75 Cl.	8,50	-	-	11.33 € / L	-	-	
chateau-la-sauvageonne-cuvee-les-ruffes-2014	0	-	La bouteille de 75 Cl.	8,75	-	-	11.67 € / L	-	-	
chateau-la-sauvageonne-cuvee-les-ruffes-2015	0	-	La bouteille de 75 Cl.	8,85	-	-	11.8 € / L	-	-	
le-clos-du-lucquier-philippe-2015	0	-	La bouteille de 75 Cl.	8,90	-	-	11.87 € / L	-	-	
chateau-avernus	0	-	La bouteille de 75 Cl.	8,95	-	-	11.93 € / L	-	-	
les-quatre-clochers	0	-	La bouteille de 75 Cl.	9,50	-	-	12.67 € / L	-	-	
les-clos-de-paulilles-2015	0	-	La bouteille de 75 Cl.	9,85	-	-	13.13 € / L	-	-	
puech-haut-premiere-rouge-2015	0	-	La bouteille de 75 Cl.	9,90	-	-	13.2 € / L	-	-	
puech-haut-premiere-2016	0	-	La bouteille de 75 Cl.	9,90	-	-	13.2 € / L	-	-	
domaine-du-causse-d-arboras-la-faille-2014	0	-	La bouteille de 75 Cl.	10,90	-	-		-	-	
domaine-du-causse-d-arboras-la-sentinelle	0	-	La bouteille de 75 Cl.	10,90	-	-		-	-	
domaine-de-l-hortus-bergerie	0	-	La bouteille de 75 Cl.	10,95	-	-	14.6 € / L	-	-	
les-hauts-de-castelmaure-2015	0	-	Le magnum de 150 Cl.	10,95	-	-	7.3 € / L	-	-	
insolentia	0	-	La bouteille de 75 Cl.	11,50	-	-	15.33 € / L	-	-	
domaine-de-l-hortus-grande-cuvee	0	-	La bouteille de 75 Cl.	20,95	-	-		-	-	
domaine-cauhape-delices-lucie-2016	0	-	La bouteille de 75 Cl.	10,95	-	-	14.6 € / L	-	-	
domaine-de-menard-100-sauvignon	0	-	La bouteille de 75 Cl.	4,20	-	-	5.6 € / L	-	-	
chateau-la-renaudie	0	-	La bouteille de 75 Cl.	6,90	-	-	9.2 € / L	-	-	
domaine-d-escausses-prestige-2015	0	-	La bouteille de 75 Cl.	5,95	-	-	7.93 € / L	-	-	
chateau-candastre-2015	0	-	La bouteille de 75 Cl.	3,50	-	-	4.67 € / L	-	-	
chateau-lerez-monpezat	0	-	La bouteille de 75 Cl.	9,50	-	-	12.67 € / L	-	-	
chateau-quattre-2015	0	-	La bouteille de 75 Cl.	5,90	-	-	7.87 € / L	-	-	
clos-des-batuts	0	-	La bouteille de 75 Cl.	4,75	-	-	6.33 € / L	-	-	
grains-de-roy-2015	0	-	La bouteille de 75 Cl.	7,80	-	-	10.4 € / L	-	-	
chateau-haut-theulet-2013	0	-	La bouteille de 75 Cl.	7,90	-	-	10.53 € / L	-	-	
domaine-cauhape-les-vignes-de-silene	0	-	La bouteille de 75 Cl.	7,50	-	-	10 € / L	-	-	
chateau-de-rousse-reve-d-elodie-2016	0	-	La bouteille de 75 Cl.	8,90	-	-	11.87 € / L	-	-	
domaine-de-l-herre-gros-manseng	0	-	La bouteille de 75 Cl.	4,50	-	-	6 € / L	-	-	
domaine-de-l-herre-sauvignon-blanc-2015	0	-	La bouteille de 75 Cl.	4,30	-	-	5.73 € / L	-	-	
petite-faiblesse	0	-	La bouteille de 75 Cl.	3,50	-	-	4.67 € / L	-	-	
domaine-du-haut-perron-2014	0	-	La bouteille de 75 Cl.	9,90	-	-	13.2 € / L	-	-	
vincent-ricard-le	0	-	La bouteille de 75 Cl.	25,00	-	-	33.33 € / L	-	-	
les-trois-chenes	0	-	La bouteille de 75 Cl.	10,75	-	-	14.33 € / L	-	-	
domaine-roblin-grande-vallee-2015	0	-	La bouteille de 75 Cl.	12,90	-	-	17.2 € / L	-	-	
domaine-jean-max-roger-les-caillottes	0	-	La bouteille de 75 Cl.	11,95	-	-	15.93 € / L	-	-	
domaine-carlin-pinson-2016	0	-	La bouteille de 75 Cl.	11,50	-	-	15.33 € / L	-	-	
alain-girard-et-fils-2015	0	-	La bouteille de 75 Cl.	10,90	-	-	14.53 € / L	-	-	
domaine-michel-cordaillat	0	-	La bouteille de 75 Cl.	9,70 8,25	-	-	11 € / L	-	-	
domaine-de-la-brosse	0	-	La bouteille de 75 Cl.	8,50	-	-	11.33 € / L	-	-	
domaine-jean-max-roger-pouilly-fume-2015	0	-	La bouteille de 75 Cl.	11,95	-	-	15.93 € / L	-	-	
domaine-salmon	0	-	La bouteille de 75 Cl.	4,50	-	-	6 € / L	-	-	
grand-fief	0	-	La bouteille de 75 Cl.	3,80	-	-	5.07 € / L	-	-	
domaine-jean-max-roger-menetou-salon-2014	0	-	La bouteille de 75 Cl.	11,50	-	-	15.33 € / L	-	-	
vignoble-de-la-fresnaye-halbert-coteaux-du-layon-saint-aubin	0	-	La bouteille de 75 Cl.	7,50	-	-	10 € / L	-	-	
domaine-des-deux-vallees-2015	0	-	La bouteille de 75 Cl.	7,50	-	-	10 € / L	-	-	
vignoble-de-la-fresnaye-halbert-coteaux-du-layon	0	-	La bouteille de 75 Cl.	6,50	-	-	8.67 € / L	-	-	
madame-veuve-point-pommard-1ercru	0	-	La bouteille de 75 Cl.	49,95	-	-	66.6 € / L	-	-	
madame-veuve-point-rully-2015	0	-	La bouteille de 75 Cl.	15,95	-	-	21.27 € / L	-	-	
domaine-christophe-cordier-terroirs-rares	0	-	La bouteille de 75 Cl.	17,90	-	-	23.87 € / L	-	-	
chateau-de-la-maltroye	0	-	La bouteille de 75 Cl.	26,90	-	-	35.87 € / L	-	-	
nicolas-feuillatte-grande-reserve-sceau-x-ploration	0	-	La bouteille de 75 Cl.	21,50	-	-		-	-	
louis-violland-maranges-150cl	0	-	Le magnum de 150 Cl.	29,90	-	-	19.93 € / L	-	-	
cave-des-grands-crus-blancs-150cl	0	-	Le magnum de 150 Cl.	19,99	-	-	13.33 € / L	-	-	
domaine-levron-vincenot-clos-des-varennes	0	-	La bouteille de 75 Cl.	7,50	-	-	10 € / L	-	-	
domaine-roc-folassiere-m-chapoutier-blanc-2015	0	-	La bouteille de 75 Cl.	7,50 6,38	-	-	8.51 € / L	-	-	
domaine-roc-folassiere-m-chapoutier-rouge-2015	0	-	La bouteille de 75 Cl.	7,50	-	-	10 € / L	-	-	
m-chapoutier-schistes-d-agrumes	0	-	La bouteille de 75 Cl.	31,95	-	-	42.6 € / L	-	-	
m-chapoutier-cornas-2012	0	-	La bouteille de 75 Cl.	27,50	-	-	36.67 € / L	-	-	
m-chapoutier-hermitage-rouge-2014	0	-	La bouteille de 75 Cl.	42,95	-	-	57.27 € / L	-	-	
coffret-chanoine-freres-reserve-privee-2-flutes-offertes	0	-	La bouteille de 75 Cl.	17,50	-	-		-	-	
coffret-chanoine-freres-reserve-privee-2-flutes-offertes-rose	0	-	La bouteille de 75 Cl.	17,50	-	-	23.33 € / L	-	-	
caisse-decouverte-2012	0	-	La bouteille de 37,5 Cl.	89,00	-	-	237.33 € / L	-	-	
e-guigal-condrieu-2015	0	-	La bouteille de 75 Cl.	36,50	-	-	48.67 € / L	-	-	
louis-chavy-rully-2014	0	-	La bouteille de 75 Cl.	11,50	-	-	15.33 € / L	-	-	
clos-san-quilico-2013	0	-	La bouteille de 75 Cl.	8,90	-	-	11.87 € / L	-	-	
domaine-casabianca	0	-	Le Bag in Box de 300 Cl.	16,90	-	-		-	-	
domaine-pasqua-chardonnay	0	-	La bouteille de 75 Cl.	9,90	-	-	13.2 € / L	-	-	
chateau-petit-boyer-2016	0	-	La bouteille de 75 Cl.	6,90	-	-	9.2 € / L	-	-	
chateau-sainte-clotilde	0	-	La bouteille de 75 Cl.	4,60	-	-	6.13 € / L	-	-	
domaine-hamet-spay	0	-	La bouteille de 75 Cl.	10,70	-	-	14.27 € / L	-	-	
domaine-des-pierres-jf-trichard	0	-	La bouteille de 75 Cl.	7,50	-	-	10 € / L	-	-	
domaine-joly-3760181740160	0	-	La bouteille de 75 Cl.	8,20	-	-	10.93 € / L	-	-	
maison-jambon-3760116763585	0	-	La bouteille de 75 Cl.	10,10	-	-	13.47 € / L	-	-	
domaine-joly-3760181740368	0	-	La bouteille de 75 Cl.	9,30	-	-	12.4 € / L	-	-	
domaine-des-chizots	0	-	La bouteille de 75 Cl.	7,25	-	-	9.67 € / L	-	-	
maison-jambon-3760116763554	0	-	La bouteille de 75 Cl.	9,40	-	-	12.53 € / L	-	-	
vignerons-du-vieux-tinailler-2015	0	-	La bouteille de 75 Cl.	5,85	-	-	7.8 € / L	-	-	
domaine-des-pierres	0	-	La bouteille de 75 Cl.	5,90	-	-	7.87 € / L	-	-	
les-tours-de-pierreux	0	-	La bouteille de 75 Cl.	7,50	-	-	10 € / L	-	-	
christophe-coquard-69	0	-	La bouteille de 75 Cl.	4,95	-	-	6.6 € / L	-	-	
matthieu-de-brully	0	-	La bouteille de 75 Cl.	7,85	-	-	10.47 € / L	-	-	
promesse-de-rabaud-promis-3770000126532	0	-	La bouteille de 37,5 Cl.	7,90	-	-	21.07 € / L	-	-	
carmes-de-rieussec-2012	0	-	La bouteille de 75 Cl.	19,90	-	-	26.53 € / L	-	-	
promesse-de-rabaud-promis-sauternes-3770000126525	0	-	La bouteille de 75 Cl.	14,50	-	-	19.33 € / L	-	-	
chateau-haut-coustet	0	-	La bouteille de 75 Cl.	11,95	-	-	15.93 € / L	-	-	
l-abeille-de-fieuzal-blanc	0	-	La bouteille de 75 Cl.	27,90	-	-	37.2 € / L	-	-	
chateau-de-chantegrive-caroline	0	-	La bouteille de 75 Cl.	14,90	-	-	19.87 € / L	-	-	
chateau-rauzan-despagne-reserve-2016	0	-	La bouteille de 75 Cl.	6,95	-	-	9.27 € / L	-	-	
chateau-petit-boyer-seduction-2015	0	-	La bouteille de 75 Cl.	5,87	-	-	7.83 € / L	-	-	
bestheim-schlossberg	0	-	La bouteille de 75 Cl.	11,70	-	-	15.6 € / L	-	-	
cave-du-roi-dagobert-degustation	0	-	La bouteille de 75 Cl.	5,30	-	-	7.07 € / L	-	-	
joseph-cattin-pinot-gris	0	-	La bouteille de 75 Cl.	6,75	-	-	9 € / L	-	-	
les-palmiers-de-galoupet	0	-	La bouteille de 75 Cl.	5,90	-	-		-	-	
commanderie-de-peyrassol-reserve-des-templiers	0	-	La bouteille de 75 Cl.	7,95	-	-		-	-	
m-de-madrague	0	-	La bouteille de 75 Cl.	6,95	-	-		-	-	
villa-louise-cuvee-favorite	0	-	La bouteille de 75 Cl.	5,90	-	-		-	-	
le-t-de-tamary	0	-	La bouteille de 75 Cl.	5,50	-	-		-	-	
les-grandes-terrasses-de-tamary	0	-	La bouteille de 75 Cl.	6,90	-	-	9.2 € / L	-	-	
air-de-rose-by-galoupet	0	-	La bouteille de 75 Cl.	5,95	-	-	7.93 € / L	-	-	
domaine-saint-jean	0	-	La bouteille de 75 Cl.	4,50	-	-		-	-	
domaine-rentz-muller-3497540002514	0	-	La bouteille de 75 Cl.	7,50	-	-	10 € / L	-	-	
domaine-edmond-rentz-riesling-les-comtes	0	-	La bouteille de 75 Cl.	8,50	-	-	11.33 € / L	-	-	
d-aix-elodie	0	-	La bouteille de 75 Cl.	5,30	-	-		-	-	
domaine-rentz-muller-riesling-2015	0	-	La bouteille de 75 Cl.	6,90	-	-	9.2 € / L	-	-	
air-de-rose-by-fregate	0	-	La bouteille de 75 Cl.	6,95	-	-		-	-	
chateau-sainte-beatrice	0	-	La bouteille de 75 Cl.	8,50	-	-	11.33 € / L	-	-	
jean-luc-colombo-rossinant	0	-	La bouteille de 75 Cl.	6,90	-	-	9.2 € / L	-	-	
la-vieille-ferme-blanc-2016	0	-	La bouteille de 75 Cl.	3,85	-	-	5.13 € / L	-	-	
domaine-de-la-cheneraie	0	-	La bouteille de 75 Cl.	8,50	-	-	11.33 € / L	-	-	
domaine-rentz-muller-gewurztraminer-2015	0	-	La bouteille de 75 Cl.	8,50	-	-	11.33 € / L	-	-	
domaine-rentz-muller-gewurztraminer-2013	0	-	La bouteille de 50 Cl.	23,90	-	-	47.8 € / L	-	-	
domaine-edmond-rentz-gewurztraminer-grand-cru-froehn	0	-	La bouteille de 75 Cl.	12,90	-	-	17.2 € / L	-	-	
selection-ogier-les-dentelles-2014	0	-	La bouteille de 75 Cl.	14,50	-	-	19.33 € / L	-	-	
les-hauts-de-montmartel-2015	0	-	La bouteille de 75 Cl.	5,25	-	-	7 € / L	-	-	
les-elegantes	0	-	La bouteille de 75 Cl.	4,65	-	-	6.2 € / L	-	-	
les-vins-de-vienne	0	-	La bouteille de 75 Cl.	8,90	-	-	11.87 € / L	-	-	
vidal-fleury-les-coursieres	0	-	La bouteille de 75 Cl.	6,25	-	-	8.33 € / L	-	-	
terres-de-garrigues	0	-	La bouteille de 75 Cl.	5,85	-	-	7.8 € / L	-	-	
les-sans-marche-2014	0	-	La bouteille de 75 Cl.	29,50	-	-	39.33 € / L	-	-	
domaine-courbis-2014	0	-	La bouteille de 75 Cl.	19,95	-	-	26.6 € / L	-	-	
cellier-des-princes	0	-	La bouteille de 75 Cl.	12,90	-	-	17.2 € / L	-	-	
domaine-la-brune-grande-ribaute-2015	0	-	La bouteille de 75 Cl.	6,95	-	-	9.27 € / L	-	-	
famille-perrin	0	-	La bouteille de 75 Cl.	5,45	-	-	7.27 € / L	-	-	
m-de-minuty-2016	0	-	La bouteille de 75 Cl.	10,99	-	-		-	-	
roseline-harmonie	0	-	La bouteille de 75 Cl.	8,50	-	-		-	-	
domaine-alzitella	0	-	La bouteille de 75 Cl.	4,90	-	-		-	-	
cantarelle	0	-	La bouteille de 75 Cl.	4,50	-	-		-	-	
les-tongs	0	-	La bouteille de 75 Cl.	3,50	-	-	4.67 € / L	-	-	
chateau-le-tertre-3760137600364	0	-	La bouteille de 75 Cl.	4,25	-	-		-	-	
gris-by-pheeric-2014	0	-	La bouteille de 75 Cl.	5,90	-	-	7.87 € / L	-	-	
cantarelle-mag	0	-	Le magnum de 150 Cl.	14,50	-	-		-	-	
chateau-peyrassol	0	-	La bouteille de 75 Cl.	14,90	-	-	19.87 € / L	-	-	
sainte-victoire-3760125940748	0	-	La bouteille de 75 Cl.	8,50	-	-	11.33 € / L	-	-	
robert-cantin-les-grezes	0	-	La bouteille de 75 Cl.	5,50	-	-		-	-	
domaine-rimauresq	0	-	La bouteille de 75 Cl.	12,90	-	-	17.2 € / L	-	-	
reserve-de-l-herre-rose	0	-	La bouteille de 75 Cl.	3,90	-	-	5.2 € / L	-	-	
chateau-du-galoupet-2015	0	-	La bouteille de 75 Cl.	10,50	-	-	14 € / L	-	-	
la-commanderie-de-peyrassol	0	-	La bouteille de 75 Cl.	11,50	-	-	15.33 € / L	-	-	
domaine-de-la-courtade-alycastre-3547030000220	0	-	La bouteille de 75 Cl.	11,00	-	-	14.67 € / L	-	-	
domaine-casabianca-rose	0	-	Le Bag in Box de 300 Cl.	16,90	-	-	5.63 € / L	-	-	
le-p-tit-rose	0	-	La bouteille de 75 Cl.	6,50	-	-	8.67 € / L	-	-	
l-expression-du-domaine-de-flines	0	-	La bouteille de 75 Cl.	3,99	-	-	5.32 € / L	-	-	
domaine-notre-dame	0	-	La bouteille de 75 Cl.	2,99	-	-		-	-	
mas-de-lunes-cuvee-la-pierre-du-midi-2015	0	-	La bouteille de 75 Cl.	5,95	-	-	7.93 € / L	-	-	
vinus-2016	0	-	La bouteille de 75 Cl.	3,60	-	-	4.8 € / L	-	-	
domaine-de-l-ancienne-cure-les-grains-d-or-2014	0	-	La bouteille de 75 Cl.	11,95	-	-	15.93 € / L	-	-	
chateau-haut-peyrous-l-atypique	0	-	La bouteille de 75 Cl.	14,50	-	-	19.33 € / L	-	-	
hecht-bannier-les-estanques-2016	0	-	La bouteille de 75 Cl.	6,50	-	-	8.67 € / L	-	-	
domaine-philippe-bernard-2016	0	-	La bouteille de 75 Cl.	8,65	-	-	11.53 € / L	-	-	
domaine-f-engel-g-vt-2015	0	-	La bouteille de 50 Cl.	14,90 12,67	-	-	25.34 € / L	-	-	
domaine-la-negly-silicia-blanc-3850	0	-	La bouteille de 75 Cl.	4,50	-	-	6 € / L	-	-	
domaine-de-dionysos-cuvee-benjamin	0	-	La bouteille de 75 Cl.	7,45	-	-	9.93 € / L	-	-	
canard-duchene-parcelle-181	0	-	La bouteille de 75 Cl.	24,50	-	-	32.67 € / L	-	-	
la-joly-2012	0	-	La bouteille de 75 Cl.	15,50	-	-	20.67 € / L	-	-	
domaine-les-pierres-fendues	0	-	La bouteille de 75 Cl.	8,50	-	-	11.33 € / L	-	-	
jaillance-cuvee-excellence	0	-	La bouteille de 75 Cl.	6,20	-	-	8.27 € / L	-	-	
pierre-launay-rose	0	-	La bouteille de 75 Cl.	18,50	-	-	24.67 € / L	-	-	
domaine-sylvain-gaudron-2009	0	-	La bouteille de 75 Cl.	9,50	-	-	12.67 € / L	-	-	
pierre-launay-tradition-demi-sec	0	-	La bouteille de 75 Cl.	16,70	-	-	22.27 € / L	-	-	
romain-duvernay-domaine-des-pentelines-2016	0	-	La bouteille de 75 Cl.	4,50	-	-	6 € / L	-	-	
hommage-du-rhone	0	-	La bouteille de 75 Cl.	11,50	-	-	15.33 € / L	-	-	
domaine-de-fontavin-terres-d-ancetres	0	-	La bouteille de 75 Cl.	19,50	-	-	26 € / L	-	-	
domaine-des-frogeres-les-clos-forenes	0	-	La bouteille de 75 Cl.	11,50	-	-		-	-	
chateau-de-malleret-2015	0	-	La bouteille de 75 Cl.	13,90	-	-	18.53 € / L	-	-	
chateau-vermont-reserve-2016	0	-	La bouteille de 75 Cl.	4,99	-	-	6.65 € / L	-	-	
la-rougeante-2016	0	-	La bouteille de 75 Cl.	4,70	-	-	6.27 € / L	-	-	
chateau-rigaud-2015	0	-	La bouteille de 75 Cl.	5,75	-	-	7.67 € / L	-	-	
la-croix-du-chateau-feret-lambert-2015	0	-	La bouteille de 75 Cl.	6,50	-	-	8.67 € / L	-	-	
sebastien-roux-mercurey-2016	0	-	La bouteille de 75 Cl.	14,90	-	-	19.87 € / L	-	-	
romain-duvernay-domaine-de-cabane-2016	0	-	La bouteille de 75 Cl.	4,35	-	-	5.8 € / L	-	-	
romain-duvernay-beaumes-de-venise-2016	0	-	La bouteille de 75 Cl.	6,65	-	-	8.87 € / L	-	-	
domaine-de-la-perruche-le-chaumont-2016	0	-	La bouteille de 75 Cl.	7,65	-	-	10.2 € / L	-	-	
chateau-de-malvies-cuvee-terroir-2016	0	-	La bouteille de 75 Cl.	5,40	-	-	7.2 € / L	-	-	
domaine-des-tournons-vieilles-vignes-2016	0	-	La bouteille de 75 Cl.	7,65	-	-	10.2 € / L	-	-	
arnaud-aucoeur-vieilles-vignes-2016	0	-	La bouteille de 75 Cl.	6,95	-	-	9.27 € / L	-	-	
marc-rougeot-dupin-dames-huguettes-2015	0	-	La bouteille de 75 Cl.	11,95	-	-	15.93 € / L	-	-	
romain-duvernay-cairanne-2016	0	-	La bouteille de 75 Cl.	5,95	-	-	7.93 € / L	-	-	
domaine-matray-les-terres-bleues-2016	0	-	La bouteille de 75 Cl.	6,90	-	-	9.2 € / L	-	-	
chateau-la-reyne-grande-reserve-2014	0	-	La bouteille de 75 Cl.	6,50	-	-	8.67 € / L	-	-	
romain-duvernay-2015	0	-	La bouteille de 75 Cl.	6,50	-	-	8.67 € / L	-	-	
chateau-d-aurilhac	0	-	La bouteille de 75 Cl.	11,30	-	-	15.07 € / L	-	-	
chateau-belgrave-2011	0	-	La bouteille de 75 Cl.	30,95	-	-	41.27 € / L	-	-	
le-haut-medoc-de-pedesclaux-2009	0	-	La bouteille de 75 Cl.	15,50	-	-	20.67 € / L	-	-	
chateau-fontenil	0	-	La bouteille de 75 Cl.	19,50	-	-	26 € / L	-	-	
chateau-guibonnet-2015	0	-	La bouteille de 75 Cl.	5,30	-	-	7.07 € / L	-	-	
chateau-plaisance-cuvee-alix	0	-	La bouteille de 75 Cl.	10,90	-	-	14.53 € / L	-	-	
chateau-les-eyraux-2014	0	-	La bouteille de 75 Cl.	5,50	-	-	7.33 € / L	-	-	
les-lions-de-petit-boyer	0	-	Le Bag in Box de 300 Cl.	11,50	-	-	3.83 € / L	-	-	
chateau-calet	0	-	La bouteille de 75 Cl.	5,90	-	-	7.87 € / L	-	-	
chateau-le-grand-fort	0	-	La bouteille de 75 Cl.	3,50	-	-	4.67 € / L	-	-	
chateau-haut-bommes	0	-	La bouteille de 75 Cl.	19,90	-	-	26.53 € / L	-	-	
thomas-collonge	0	-	La bouteille de 75 Cl.	15,50	-	-	20.67 € / L	-	-	
les-comtes-de-ribeauville-riesling-2016	0	-	La bouteille de 75 Cl.	6,88 5,50	-	-	7.33 € / L	-	-	
domaine-f-engel-2013	0	-	La bouteille de 75 Cl.	16,90 14,37	-	-	19.16 € / L	-	-	
cave-du-roi-dagobert-pinot-gris-2015	0	-	La bouteille de 75 Cl.	6,50 5,53	-	-	7.37 € / L	-	-	
les-comtes-de-ribeauville-blanc-moelleux-2016	0	-	La bouteille de 75 Cl.	7,90 6,72	-	-	8.96 € / L	-	-	
chateau-baret-2015	0	-	La bouteille de 75 Cl.	14,60	-	-	19.47 € / L	-	-	
hedo	0	-	La bouteille de 75 Cl.	6,30	-	-	8.4 € / L	-	-	
lanson-ivory-label	0	-	La bouteille de 75 Cl.	23,50	-	-	31.33 € / L	-	-	
aguila-demi-sec	0	-	La bouteille de 75 Cl.	5,95	-	-	7.93 € / L	-	-	
nicolas-feuillatte-grande-reserve-magnum	0	-	Le magnum de 150 Cl.	49,50	-	-	33 € / L	-	-	
g-h-mumm-le-rose	0	-	La bouteille de 75 Cl.	33,95	-	-	45.27 € / L	-	-	
chateau-pape-clement-3663515983923	0	-	La bouteille de 75 Cl.	87,95	-	-	117.27 € / L	-	-	
les-lions-du-chateau-petit-boyer-3971	0	-	La bouteille de 75 Cl.	4,60	-	-	6.13 € / L	-	-	
domaine-martin-robert-et-damien	0	-	La bouteille de 75 Cl.	10,00	-	-	13.33 € / L	-	-	
domaine-de-mauperthuis-petit-chablis	0	-	La bouteille de 75 Cl.	9,30	-	-	12.4 € / L	-	-	
pierre-brisset-les-noirots	0	-	La bouteille de 75 Cl.	75,00	-	-	100 € / L	-	-	
cave-du-roi-dagobert-racines-2016	0	-	La bouteille de 75 Cl.	5,75 4,89	-	-	6.52 € / L	-	-	
hubert-rouqille-2016	0	-	La bouteille de 75 Cl.	9,50 7,92	-	-	10.56 € / L	-	-	
le-haras-de-maison-laffitte	0	-	La bouteille de 75 Cl.	9,50 7,60	-	-	10.13 € / L	-	-	
vignerons-des-terroirs-de-savoie-apremont	0	-	La bouteille de 75 Cl.	5,50 4,58	-	-	6.11 € / L	-	-	
filliatreau-les-bouts-de-vincent-2015	0	-	La bouteille de 75 Cl.	6,50	-	-	8.67 € / L	-	-	
chateau-perenne	0	-	La bouteille de 75 Cl.	10,50	-	-	14 € / L	-	-	
chateau-rauzan-despagne-reserve-2014	0	-	La bouteille de 75 Cl.	6,95	-	-	9.27 € / L	-	-	
chateau-de-camensac-2012	0	-	La bouteille de 75 Cl.	22,95	-	-	30.6 € / L	-	-	
diplomatico-reserva-exclusiva	0	-	La bouteille                                                              de 70 Cl.	37,90	-	-		-	-	
glenfiddich-15-ans	0	-	La bouteille                                                              de 70 Cl.	30,95	-	-		-	-	
the-deveron-10-ans	0	-	La bouteille                                                              de 70 Cl.	22,50	-	-		-	-	
the-deveron-12-ans	0	-	La bouteille                                                              de 70 Cl.	29,65	-	-		-	-	
william-lawsons-70cl	0	-	La bouteille                                                              de 70 Cl.	11,65	-	-		-	-	
dewars-12-ans	0	-	La bouteille                                                              de 70 Cl.	27,05	-	-		-	-	
bacardi-8-ans	0	-	La bouteille                                                              de 70 Cl.	23,30	-	-		-	-	
tullamore-dew-phoenix	0	-	La bouteille                                                              de 70 Cl.	40,00	-	-		-	-	
glenfiddich-ipa-experiment	0	-	La bouteille                                                              de 70 Cl.	42,90	-	-		-	-	
monkey-shoulder-70cl	0	-	La bouteille                                                              de 70 Cl.	22,03	-	-		-	-	
the-famous-grouse-portwood	0	-	La bouteille                                                              de 70 Cl.	19,95	-	-		-	-	
the-famous-grouse-smoky-black	0	-	La bouteille                                                              de 70 Cl.	18,20	-	-		-	-	
grants-family-reserve	0	-	La bouteille                                                              de 100 Cl.	18,30	-	-		-	-	
grants-signature	0	-	La bouteille                                                              de 70 Cl.	14,05	-	-		-	-	
grants-smoky	0	-	La bouteille                                                              de 70 Cl.	16,95	-	-		-	-	
monkey-shoulder-450cl	0	-	La bouteille                                                              de 450 Cl.	195,00	-	-		-	-	
glenfiddich-12-ans	0	-	La bouteille                                                              de 70 Cl.	22,82	-	-		-	-	
aberfeldy-12-ans	0	-	La bouteille                                                              de 70 Cl.	29,30	-	-		-	-	
chateau-giscours-2011	0	-	La bouteille de 75 Cl.	44,95	-	-	59.93 € / L	-	-	
chateau-bertin-2015	0	-	La bouteille de 75 Cl.	8,50	-	-	11.33 € / L	-	-	
chateau-pichon-longueville-baron-2011	0	-	La bouteille de 75 Cl.	92,95	-	-	123.93 € / L	-	-	
chateau-olivier-2009	0	-	La bouteille de 75 Cl.	34,95	-	-	46.6 € / L	-	-	
chateau-pape-clement-2012	0	-	La bouteille de 75 Cl.	87,95	-	-	117.27 € / L	-	-	
chateau-la-dominique-2011	0	-	La bouteille de 75 Cl.	39,50	-	-	52.67 € / L	-	-	
chateau-montrose-2012	0	-	La bouteille de 75 Cl.	89,95	-	-	119.93 € / L	-	-	
chateau-leoville-poyferre-2011	0	-	La bouteille de 75 Cl.	64,95	-	-	86.6 € / L	-	-	
chateau-lagrange-2011	0	-	La bouteille de 75 Cl.	32,95	-	-	43.93 € / L	-	-	
famille-brocard-chablis-premier-cru-2015	0	-	La bouteille de 75 Cl.	24,75	-	-	33 € / L	-	-	
chateau-de-rouquette-2013	0	-	La bouteille de 75 Cl.	9,95	-	-	13.27 € / L	-	-	
chateau-lynch-bages-2012	0	-	La bouteille de 75 Cl.	95,95	-	-	127.93 € / L	-	-	
domaine-des-ophrys-2016	0	-	La bouteille de 75 Cl.	4,95 4,21	-	-	5.61 € / L	-	-	
apremont-tradition	0	-	La bouteille de 75 Cl.	4,70 4,00	-	-	5.33 € / L	-	-	
vmv-viognier-chardonnay	0	-	La bouteille de 75 Cl.	4,80 3,84	-	-	5.12 € / L	-	-	
vmv-viognier	0	-	La bouteille de 75 Cl.	7,25 3,99	-	-	5.32 € / L	-	-	
chateau-haut-brion-2011	0	-	La bouteille de 75 Cl.	495,00	-	-	660 € / L	-	-	
vmv-elite	0	-	La bouteille de 75 Cl.	8,50 4,68	-	-	6.24 € / L	-	-	
dom-balaquere	0	-	La bouteille de 75 Cl.	5,20 3,90	-	-	5.2 € / L	-	-	
altitude-400	0	-	La bouteille de 75 Cl.	5,20 3,90	-	-	5.2 € / L	-	-	
wolfberger-pinot-gris-vieilles-vignes-2016	0	-	La bouteille de 75 Cl.	5,95	-	-	7.93 € / L	-	-	
joseph-beck-sylvaner-2016	0	-	La bouteille de 75 Cl.	4,19 3,49	-	-	4.65 € / L	-	-	
albert-schoech-pinot-noir-2016	0	-	La bouteille de 75 Cl.	5,85 4,97	-	-	6.63 € / L	-	-	
wolfberger-pinot-gris-rangen-2013	0	-	La bouteille de 75 Cl.	24,90 22,41	-	-	29.88 € / L	-	-	
arthur-metz-cuvee-1904	0	-	La bouteille de 75 Cl.	8,50	-	-	11.33 € / L	-	-	
wolfberger-brut	0	-	La bouteille de 75 Cl.	6,55	-	-	8.73 € / L	-	-	
wolfberger-demi-sec	0	-	La bouteille de 75 Cl.	6,55	-	-	8.73 € / L	-	-	
wolfberger-le-millesime-2014	0	-	La bouteille de 75 Cl.	8,50 7,65	-	-	10.2 € / L	-	-	
georges-duboeuf-brouilly-2015	0	-	La bouteille de 75 Cl.	8,99	-	-	11.99 € / L	-	-	
georges-duboeuf-montchoisy	0	-	La bouteille de 75 Cl.	8,95	-	-	11.93 € / L	-	-	
georges-duboeuf-beaujolais-villages-primeur-2017	0	-	La bouteille de 75 Cl.	6,35	-	-	8.47 € / L	-	-	
domaine-combe-darroux	0	-	La bouteille de 75 Cl.	7,50	-	-	10 € / L	-	-	
jean-charles-pivot-prestige-regnie	0	-	La bouteille de 75 Cl.	5,95	-	-	7.93 € / L	-	-	
georges-duboeuf-beaujolais-primeur-2017	0	-	La bouteille de 75 Cl.	5,55	-	-	7.4 € / L	-	-	
pierre-brisset-la-combe-aux-moines	0	-	La bouteille de 75 Cl.	75,00	-	-	100 € / L	-	-	
domaine-rene-monnier-2015	0	-	La bouteille de 75 Cl.	28,50	-	-	38 € / L	-	-	
marc-rougeot-dupin-gamay-2015	0	-	La bouteille de 75 Cl.	7,50	-	-	10 € / L	-	-	
georges-duboeuf-les-minaudieres-2015	0	-	La bouteille de 75 Cl.	7,40	-	-	9.87 € / L	-	-	
georges-duboeuf-le-grand-st-vincent-2014	0	-	La bouteille de 75 Cl.	17,50	-	-	23.33 € / L	-	-	
marc-rougeot-dupin-village-2014	0	-	La bouteille de 75 Cl.	29,95	-	-	39.93 € / L	-	-	
freres-muzard-les-cabottes	0	-	La bouteille de 75 Cl.	19,50	-	-	26 € / L	-	-	
domaine-francoise-denis-clair	0	-	La bouteille de 75 Cl.	14,00	-	-	18.67 € / L	-	-	
domaine-dubois-r-fils	0	-	La bouteille de 75 Cl.	25,00	-	-	33.33 € / L	-	-	
domaine-bachelet-bertrand-2013	0	-	La bouteille de 75 Cl.	18,00	-	-	24 € / L	-	-	
collin-bourisset-les-carroz	0	-	La bouteille de 75 Cl.	3,99	-	-	5.32 € / L	-	-	
domaine-theuriet-huguenot	0	-	La bouteille de 75 Cl.	15,00	-	-	20 € / L	-	-	
chateau-de-melin-3760050743254	0	-	La bouteille de 75 Cl.	10,50	-	-	14 € / L	-	-	
domaine-de-la-roche-aux-loups	0	-	La bouteille de 75 Cl.	10,00	-	-	13.33 € / L	-	-	
domaine-des-gandines	0	-	La bouteille de 75 Cl.	10,50	-	-	14 € / L	-	-	
levert-freres	0	-	La bouteille de 75 Cl.	8,30	-	-	11.07 € / L	-	-	
tessellae-chardonnay-2015	0	-	La bouteille de 75 Cl.	4,95	-	-	6.6 € / L	-	-	
la-mandragore-sorcieres-2016	0	-	La bouteille de 75 Cl.	10,50	-	-	14 € / L	-	-	
chateau-brespaillan-2014	0	-	La bouteille de 75 Cl.	8,00 4,80	-	-	6.4 € / L	-	-	
chateau-du-haut-guerin	0	-	La bouteille de 75 Cl.	5,95 4,76	-	-	6.35 € / L	-	-	
l-heritage-laurenzane-2013	0	-	La bouteille de 75 Cl.	11,50 8,63	-	-	11.51 € / L	-	-	
tessellae-muscat-2016	0	-	La bouteille de 75 Cl.	5,50 4,40	-	-	5.87 € / L	-	-	
moulin-grangere-2015	0	-	La bouteille de 75 Cl.	16,50 11,55	-	-	15.4 € / L	-	-	
chateau-relais-de-la-poste-2014	0	-	La bouteille de 75 Cl.	10,84 6,50	-	-	8.67 € / L	-	-	
chateau-thieuley-2015	0	-	La bouteille de 75 Cl.	6,50	-	-	8.67 € / L	-	-	
chateau-boutisse-2015	0	-	La bouteille de 75 Cl.	15,95	-	-	21.27 € / L	-	-	
chateau-roque-le-mayne-2015	0	-	La bouteille de 75 Cl.	8,40	-	-	11.2 € / L	-	-	
domaine-vocoret-fils-2016	0	-	La bouteille de 75 Cl.	15,40	-	-	20.53 € / L	-	-	
clos-de-los-siete-2014	0	-	La bouteille de 75 Cl.	12,95	-	-	17.27 € / L	-	-	
chateau-la-negly-2016-blanc	0	-	La bouteille de 75 Cl.	6,50	-	-	8.67 € / L	-	-	
domaine-dutron-fils-les-vignes-du-chateau-2015	0	-	La bouteille de 75 Cl.	13,80 11,50	-	-	15.33 € / L	-	-	
olivier-bosse-platiere-st-amour-2016	0	-	La bouteille de 75 Cl.	7,55	-	-	10.07 € / L	-	-	
chateau-vieux-cassan-2015	0	-	La bouteille de 75 Cl.	8,70 5,80	-	-	7.73 € / L	-	-	
esprit-de-valandraud	0	-	La bouteille de 75 Cl.	25,90	-	-	34.53 € / L	-	-	
domaine-pitault-landry-2016	0	-	La bouteille de 75 Cl.	5,95	-	-	7.93 € / L	-	-	
jean-geiler-riesling-grand-cru-2015	0	-	La bouteille de 75 Cl.	8,95 7,61	-	-	10.15 € / L	-	-	
chateau-haut-coustet-2014	0	-	La bouteille de 75 Cl.	11,95	-	-	15.93 € / L	-	-	
petit-soutard-2014	0	-	La bouteille de 75 Cl.	13,90	-	-	18.53 € / L	-	-	
joseph-cattin-vieilles-vignes-2016	0	-	La bouteille de 75 Cl.	6,95 5,91	-	-	7.88 € / L	-	-	
vincent-ricard-le-bouc-2016	0	-	La bouteille de 75 Cl.	5,25	-	-	7 € / L	-	-	
le-clos-de-vauriou	0	-	La bouteille de 75 Cl.	7,80	-	-	10.4 € / L	-	-	
le-vilain-p-tit-rouge	0	-	La bouteille de 75 Cl.	10,75	-	-	14.33 € / L	-	-	
l-effrontee	0	-	La bouteille de 50 Cl.	27,00	-	-	54 € / L	-	-	
chateau-de-gaudou-tradition	0	-	La bouteille de 75 Cl.	6,00	-	-	8 € / L	-	-	
