chateau-graulet-2014	lec		La bouteille de 75 Cl.	7.50	-	https://www.macave.leclerc/chateau-graulet-2014		Bordeaux- Vin Rouge	AOC Blaye Côtes de Bordeaux	2014	Bordeaux- Vin Rouge	La bouteille de 75 Cl.10 € / L (prix E.Leclerc)	https://www.macave.leclerc/media/catalog/product/cache/1/image/9df78eab33525d08d6e5fb8d27136e95/C/H/CHATEAU_GRAULET_2014.jpg	
domaine-morand-2015	lec		La bouteille de 75 Cl.	6.50 4.55	-	https://www.macave.leclerc/domaine-morand-2015		Loire- Vin Blanc	AOC Valencay	2015	Loire- Vin Blanc	La bouteille de 75 Cl.Soit 27.3€ le carton 6x75 Cl6.07 € / L (prix E.Leclerc)	https://www.macave.leclerc/media/catalog/product/cache/1/image/9df78eab33525d08d6e5fb8d27136e95/D/o/DOMAINE_MORAND_VAL_MORAND.jpg	
mon-seul-reve	lec		La bouteille de 75 Cl.	8.50	-	https://www.macave.leclerc/mon-seul-reve		Languedoc-Roussillon- Vin Rouge	AOP Côtes du Roussillon	2014	Languedoc-Roussillon- Vin Rouge	La bouteille de 75 Cl.11.33 € / L (prix E.Leclerc)	https://www.macave.leclerc/media/catalog/product/cache/1/image/9df78eab33525d08d6e5fb8d27136e95/m/o/mon-seul-r_ve---bouteille.jpg	
tasciaca	lec		La bouteille de 75 Cl.	11.50	-	https://www.macave.leclerc/tasciaca		Loire- Vin Blanc	AOC Touraine Chenonceaux	2014	Loire- Vin Blanc	La bouteille de 75 Cl.15.33 € / L (prix E.Leclerc)	https://www.macave.leclerc/media/catalog/product/cache/1/image/9df78eab33525d08d6e5fb8d27136e95/T/A/TASCIACA.jpg	
lambrusco-doux-rose-andrea-berro	lec		La bouteille de 75 Cl.	3.90	-	https://www.macave.leclerc/lambrusco-doux-rose-andrea-berro		Vins du Monde- Effervescent	Italie - DOC Lambrusco	#	Vins du Monde- Effervescent	La bouteille de 75 Cl.5.2 € / L (prix E.Leclerc)	https://www.macave.leclerc/media/catalog/product/cache/1/image/9df78eab33525d08d6e5fb8d27136e95/m/a/macave-vf16-andrea-berro-lambrusco-rose-403x471.jpg	
mas-de-lunes	lec		La bouteille de 75 Cl.	8.50	-	https://www.macave.leclerc/mas-de-lunes		Languedoc-Roussillon- Vin Rouge	AOC Languedoc	2013	Languedoc-Roussillon- Vin Rouge	La bouteille de 75 Cl.	https://www.macave.leclerc/media/catalog/product/cache/1/image/9df78eab33525d08d6e5fb8d27136e95/m/a/mas_de_lunes.jpg	
freixenet-cordon-negro	lec		La bouteille de 75 Cl.	4.70	-	https://www.macave.leclerc/freixenet-cordon-negro		Vins du Monde- Effervescent Brut	Espagne - DO Cava	#	Vins du Monde- Effervescent Brut	La bouteille de 75 Cl.6.27 € / L (prix E.Leclerc)	https://www.macave.leclerc/media/catalog/product/cache/1/image/9df78eab33525d08d6e5fb8d27136e95/f/r/freixenet-cordon-negro---bouteille.jpg	
la-gioiosa	lec		La bouteille de 75 Cl.	8.50	-	https://www.macave.leclerc/la-gioiosa		Vins du Monde- Effervescent Brut	Italie - DOC Prosecco	#	Vins du Monde- Effervescent Brut	La bouteille de 75 Cl.11.33 € / L (prix E.Leclerc)	https://www.macave.leclerc/media/catalog/product/cache/1/image/9df78eab33525d08d6e5fb8d27136e95/p/r/prosecco-la-giosa---bouteille.jpg	
carpinius-tokaji-aszu-puttonyos	lec		La bouteille de 50 Cl.	29.50	-	https://www.macave.leclerc/carpinius-tokaji-aszu-puttonyos		Vins du Monde- Vin Blanc Moelleux	Hongrie - Tokaji	2010	Vins du Monde- Vin Blanc Moelleux	La bouteille de 50 Cl.59 € / L (prix E.Leclerc)	https://www.macave.leclerc/media/catalog/product/cache/1/image/9df78eab33525d08d6e5fb8d27136e95/images/catalog/product/placeholder/image.jpg	
defesa-do-esporao	lec		La bouteille de 75 Cl.	7.95	-	https://www.macave.leclerc/defesa-do-esporao		Vins du Monde- Vin Rouge	Portugal - DOC Vinho Regional Alentejano	2015	Vins du Monde- Vin Rouge	La bouteille de 75 Cl.10.6 € / L (prix E.Leclerc)	https://www.macave.leclerc/media/catalog/product/cache/1/image/9df78eab33525d08d6e5fb8d27136e95/d/e/defesa_herdade_do_esporao_2015_1.jpg	
gruner-vetliner-eiswein-2016	lec		La bouteille de 37,5 Cl.	12.50	-	https://www.macave.leclerc/gruner-vetliner-eiswein-2016		Vins du Monde- Vin Blanc Moelleux	Autriche - Eiswein	2016	Vins du Monde- Vin Blanc Moelleux	La bouteille de 37,5 Cl.33.33 € / L (prix E.Leclerc)	https://www.macave.leclerc/media/catalog/product/cache/1/image/9df78eab33525d08d6e5fb8d27136e95/G/R/GRUNER_VELTER_EISWEN_1.jpg	
assobio-2015	lec		La bouteille de 75 Cl.	8.20	-	https://www.macave.leclerc/assobio-2015		Vins du Monde- Vin Rouge	Portugal - DOC Douro	2015	Vins du Monde- Vin Rouge	La bouteille de 75 Cl.10.93 € / L (prix E.Leclerc)	https://www.macave.leclerc/media/catalog/product/cache/1/image/9df78eab33525d08d6e5fb8d27136e95/a/s/assobio_2015.jpg	
luma-grillo	lec		La bouteille de 75 Cl.	7.60	-	https://www.macave.leclerc/luma-grillo		Vins du Monde- Vin Blanc	Italie - IGT Terre Siciliane	2015	Vins du Monde- Vin Blanc	La bouteille de 75 Cl.10.13 € / L (prix E.Leclerc)	https://www.macave.leclerc/media/catalog/product/cache/1/image/9df78eab33525d08d6e5fb8d27136e95/m/a/macave-vf16-luma-grillo-403x471.jpg	
chateau-bodrog-5-puttonyos-2013	lec		La bouteille de 50 Cl.	15.95	-	https://www.macave.leclerc/chateau-bodrog-5-puttonyos-2013		Vins du Monde- Vin Blanc Moelleux	Hongrie - Tokaji	2013	Vins du Monde- Vin Blanc Moelleux	La bouteille de 50 Cl.31.9 € / L (prix E.Leclerc)	https://www.macave.leclerc/media/catalog/product/cache/1/image/9df78eab33525d08d6e5fb8d27136e95/c/h/chateau_bodrog_2013.jpg	
costa-nera-by-las-ninas-reserva-cabernet-sauvignon-2016	lec		La bouteille de 75 Cl.	6.95	-	https://www.macave.leclerc/costa-nera-by-las-ninas-reserva-cabernet-sauvignon-2016		Vins du Monde- Vin Rouge	Chili - Colchagua Valley	2016	Vins du Monde- Vin Rouge	La bouteille de 75 Cl.9.27 € / L (prix E.Leclerc)	https://www.macave.leclerc/media/catalog/product/cache/1/image/9df78eab33525d08d6e5fb8d27136e95/c/o/costa_nera_reserva_vina_las_ninas_2016.jpg	
piccini-sasso-al-poggio-2012	lec		La bouteille de 75 Cl.	8.95	-	https://www.macave.leclerc/piccini-sasso-al-poggio-2012		Vins du Monde- Vin Rouge	Italie - IGT Toscana	2012	Vins du Monde- Vin Rouge	La bouteille de 75 Cl.11.93 € / L (prix E.Leclerc)	https://www.macave.leclerc/media/catalog/product/cache/1/image/9df78eab33525d08d6e5fb8d27136e95/s/a/sasso_al_poggio_2012.jpg	
fontanafredda-2013	lec		La bouteille de 75 Cl.	17.90	-	https://www.macave.leclerc/fontanafredda-2013		Vins du Monde- Vin Rouge	Italie - DOC Barolo	2013	Vins du Monde- Vin Rouge	La bouteille de 75 Cl.23.87 € / L (prix E.Leclerc)	https://www.macave.leclerc/media/catalog/product/cache/1/image/9df78eab33525d08d6e5fb8d27136e95/b/a/barolo_fontanafredda_2013.jpg	
penfolds-koonunga-hill-chardonnay-2016	lec		La bouteille de 75 Cl.	8.99	-	https://www.macave.leclerc/penfolds-koonunga-hill-chardonnay-2016		Vins du Monde- Vin Blanc	Australie	2016	Vins du Monde- Vin Blanc	La bouteille de 75 Cl.11.99 € / L (prix E.Leclerc)	https://www.macave.leclerc/media/catalog/product/cache/1/image/9df78eab33525d08d6e5fb8d27136e95/p/e/penfolds_koonunga_hill_blanc_2015.jpg	
penfolds-koonunga-hill-shiraz-cabernet-2015	lec		La bouteille de 75 Cl.	8.99	-	https://www.macave.leclerc/penfolds-koonunga-hill-shiraz-cabernet-2015		Vins du Monde- Vin Rouge	Australie	2015	Vins du Monde- Vin Rouge	La bouteille de 75 Cl.11.99 € / L (prix E.Leclerc)	https://www.macave.leclerc/media/catalog/product/cache/1/image/9df78eab33525d08d6e5fb8d27136e95/p/e/penfolds_bin_2_shiraz_mataro_2013_1_1.jpg	
allegrini-corte-giara	lec		La bouteille de 75 Cl.	8.50	-	https://www.macave.leclerc/allegrini-corte-giara		Vins du Monde- Vin Rouge	Italie - DOC Bardolino	2016	Vins du Monde- Vin Rouge	La bouteille de 75 Cl.11.33 € / L (prix E.Leclerc)	https://www.macave.leclerc/media/catalog/product/cache/1/image/9df78eab33525d08d6e5fb8d27136e95/m/a/macave-vf16-allegrini-corte-giara-403x471.jpg	
il-palazzo	lec		La bouteille de 75 Cl.	8.95	-	https://www.macave.leclerc/il-palazzo		Vins du Monde- Vin Rouge	Italie - DOP Chianti	2014	Vins du Monde- Vin Rouge	La bouteille de 75 Cl.11.93 € / L (prix E.Leclerc)	https://www.macave.leclerc/media/catalog/product/cache/1/image/9df78eab33525d08d6e5fb8d27136e95/i/l/il_palazzo_chianti_2014.jpg	
mesta	lec		La bouteille de 75 Cl.	3.95	-	https://www.macave.leclerc/mesta		Vins du Monde- Vin Rouge	Espagne - DO Uclés Tempranillo	2016	Vins du Monde- Vin Rouge	La bouteille de 75 Cl.5.27 € / L (prix E.Leclerc)	https://www.macave.leclerc/media/catalog/product/cache/1/image/9df78eab33525d08d6e5fb8d27136e95/m/E/MESTA_TEMPRANILLO_2015.jpg	
dragon-seal	lec		La bouteille de 75 Cl.	5.70	-	https://www.macave.leclerc/dragon-seal		Vins du Monde- Vin Rouge	Chine	2014	Vins du Monde- Vin Rouge	La bouteille de 75 Cl.7.6 € / L (prix E.Leclerc)	https://www.macave.leclerc/media/catalog/product/cache/1/image/9df78eab33525d08d6e5fb8d27136e95/D/R/DRAGON_SEAL_2014.jpg	
las-ninas-merlot-cabernet-sauvignon	lec		La bouteille de 75 Cl.	7.45	-	https://www.macave.leclerc/las-ninas-merlot-cabernet-sauvignon		Vins du Monde- Vin Rouge	Chili - Colchagua Valley	2013	Vins du Monde- Vin Rouge	La bouteille de 75 Cl.9.93 € / L (prix E.Leclerc)	https://www.macave.leclerc/media/catalog/product/cache/1/image/9df78eab33525d08d6e5fb8d27136e95/L/a/LAS_NINAS_MERLOT_CABERNET_SAUVIGNON.jpg	
prosecco-signore-giuseppe-4167	lec		La bouteille de 75 Cl.	5.90	-	https://www.macave.leclerc/prosecco-signore-giuseppe-4167		Vins du Monde- Effervescent	Italie - DOC Prosecco	#	Vins du Monde- Effervescent	La bouteille de 75 Cl.7.87 € / L (prix E.Leclerc)	https://www.macave.leclerc/media/catalog/product/cache/1/image/9df78eab33525d08d6e5fb8d27136e95/m/a/macave-vf16-signore-giuseppe-403x471.jpg	
lambrusco-sec-rouge-andrea-berro-4238	lec		La bouteille de 75 Cl.	3.90	-	https://www.macave.leclerc/lambrusco-sec-rouge-andrea-berro-4238		Vins du Monde- Effervescent	Italie - DOC Lambrusco	#	Vins du Monde- Effervescent	La bouteille de 75 Cl.5.2 € / L (prix E.Leclerc)	https://www.macave.leclerc/media/catalog/product/cache/1/image/9df78eab33525d08d6e5fb8d27136e95/m/a/macave-vf16-andrea-berro-lambrusco-rosso-403x471_1_1.jpg	
gruner-vetliner-eiswein	lec		La bouteille de 37,5 Cl.	12.90	-	https://www.macave.leclerc/gruner-vetliner-eiswein		Vins du Monde- Vin Blanc Moelleux	Autriche - Eiswein	2015	Vins du Monde- Vin Blanc Moelleux	La bouteille de 37,5 Cl.34.4 € / L (prix E.Leclerc)	https://www.macave.leclerc/media/catalog/product/cache/1/image/9df78eab33525d08d6e5fb8d27136e95/G/R/GRUNER_VELTER_EISWEN.jpg	
lambrusco-doux-rouge-andrea-berro-4242	lec		La bouteille de 75 Cl.	3.90	-	https://www.macave.leclerc/lambrusco-doux-rouge-andrea-berro-4242		Vins du Monde- Effervescent	Italie - DOC Lambrusco	#	Vins du Monde- Effervescent	La bouteille de 75 Cl.5.2 € / L (prix E.Leclerc)	https://www.macave.leclerc/media/catalog/product/cache/1/image/9df78eab33525d08d6e5fb8d27136e95/m/a/macave-vf16-andrea-berro-lambrusco-rosso-403x471.jpg	
deutz-blanc-de-blancs-3760143478469	lec		La bouteille de 75 Cl.	50.90	-	https://www.macave.leclerc/deutz-blanc-de-blancs-3760143478469		Champagne- Champagne Blanc de Blancs		#	Champagne- Champagne Blanc de Blancs	La bouteille de 75 Cl.67.87 € / L (prix E.Leclerc)	https://www.macave.leclerc/media/catalog/product/cache/1/image/9df78eab33525d08d6e5fb8d27136e95/D/E/DEUTZ_BLANC_DE_BLANCS.jpg	
billecart-salmon-blanc-de-blancs	lec		La bouteille de 75 Cl.	49.90	-	https://www.macave.leclerc/billecart-salmon-blanc-de-blancs		Champagne- Champagne Blanc de Blancs		#	Champagne- Champagne Blanc de Blancs	La bouteille de 75 Cl.66.53 € / L (prix E.Leclerc)	https://www.macave.leclerc/media/catalog/product/cache/1/image/9df78eab33525d08d6e5fb8d27136e95/b/i/billecart_salmon_brut_blanc_de_blancs.jpg	
ruinart-brut	lec		La bouteille de 75 Cl.	42.00	-	https://www.macave.leclerc/ruinart-brut		Champagne- Champagne Brut		#	Champagne- Champagne Brut	La bouteille de 75 Cl.56 € / L (prix E.Leclerc)	https://www.macave.leclerc/media/catalog/product/cache/1/image/9df78eab33525d08d6e5fb8d27136e95/r/u/ruinart_brut.jpg	
bollinger-special-cuvee	lec		La bouteille de 75 Cl.	37.90	-	https://www.macave.leclerc/bollinger-special-cuvee		Champagne- Champagne Brut		#	Champagne- Champagne Brut	La bouteille de 75 Cl.50.53 € / L (prix E.Leclerc)	https://www.macave.leclerc/media/catalog/product/cache/1/image/9df78eab33525d08d6e5fb8d27136e95/B/O/BOLLINGER_SPECIAL_CUVEE.jpg	
roederer-brut-premier	lec		La bouteille de 75 Cl.	35.50	-	https://www.macave.leclerc/roederer-brut-premier		Champagne- Champagne Brut		#	Champagne- Champagne Brut	La bouteille de 75 Cl.47.33 € / L (prix E.Leclerc)	https://www.macave.leclerc/media/catalog/product/cache/1/image/9df78eab33525d08d6e5fb8d27136e95/r/o/roederer_brut_premier.jpg	
billecart-salmon-brut	lec		La bouteille de 75 Cl.	32.90	-	https://www.macave.leclerc/billecart-salmon-brut		Champagne- Champagne Brut		#	Champagne- Champagne Brut	La bouteille de 75 Cl.43.87 € / L (prix E.Leclerc)	https://www.macave.leclerc/media/catalog/product/cache/1/image/9df78eab33525d08d6e5fb8d27136e95/b/i/billecart_salmon_brut.jpg	
deutz-brut-classic	lec		La bouteille de 75 Cl.	31.50	-	https://www.macave.leclerc/deutz-brut-classic		Champagne- Champagne Brut		#	Champagne- Champagne Brut	La bouteille de 75 Cl.42 € / L (prix E.Leclerc)	https://www.macave.leclerc/media/catalog/product/cache/1/image/9df78eab33525d08d6e5fb8d27136e95/C/H/CHAMPAGNE_DEUTZ_CLASSIC.jpg	
pierre-launay-blanc-de-meunier	lec		La bouteille de 75 Cl.	24.90	-	https://www.macave.leclerc/pierre-launay-blanc-de-meunier		Champagne- Champagne Blanc de Meunier		#	Champagne- Champagne Blanc de Meunier	La bouteille de 75 Cl.33.2 € / L (prix E.Leclerc)	https://www.macave.leclerc/media/catalog/product/cache/1/image/9df78eab33525d08d6e5fb8d27136e95/P/I/PIERRE_LAUNAY_BLANC_MEUNIER.jpg	
lanson-millesime-2008	lec		La bouteille de 75 Cl.	34.90	-	https://www.macave.leclerc/lanson-millesime-2008		Champagne- Champagne Millésimé		20082008	Champagne- Champagne Millésimé	La bouteille de 75 Cl.46.53 € / L (prix E.Leclerc)	https://www.macave.leclerc/media/catalog/product/cache/1/image/9df78eab33525d08d6e5fb8d27136e95/l/a/lanson_2008.jpg	
laurent-perrier	lec		La bouteille de 75 Cl.	28.99	-	https://www.macave.leclerc/laurent-perrier		Champagne- Champagne Brut		#	Champagne- Champagne Brut	La bouteille de 75 Cl.38.65 € / L (prix E.Leclerc)	https://www.macave.leclerc/media/catalog/product/cache/1/image/9df78eab33525d08d6e5fb8d27136e95/l/a/laurent_perrier_brut_1.jpg	
carpinius-tokaji-furmint-sec-4060	lec		La bouteille de 75 Cl.	9.50	-	https://www.macave.leclerc/carpinius-tokaji-furmint-sec-4060		Vins du Monde- Vin Blanc	Hongrie - Tokaji	2013	Vins du Monde- Vin Blanc	La bouteille de 75 Cl.12.67 € / L (prix E.Leclerc)	https://www.macave.leclerc/media/catalog/product/cache/1/image/9df78eab33525d08d6e5fb8d27136e95/f/u/furmint_sec_2013.jpg	
ayala-brut-majeur	lec		La bouteille de 75 Cl.	24.90	-	https://www.macave.leclerc/ayala-brut-majeur		Champagne- Champagne Brut		#	Champagne- Champagne Brut	La bouteille de 75 Cl.33.2 € / L (prix E.Leclerc)	https://www.macave.leclerc/media/catalog/product/cache/1/image/9df78eab33525d08d6e5fb8d27136e95/A/Y/AYALA_BRUT_MAJEUR.jpg	
gosset-brut-excellence	lec		La bouteille de 75 Cl.	24.90	-	https://www.macave.leclerc/gosset-brut-excellence		Champagne- Champagne Brut		#	Champagne- Champagne Brut	La bouteille de 75 Cl.33.2 € / L (prix E.Leclerc)	https://www.macave.leclerc/media/catalog/product/cache/1/image/9df78eab33525d08d6e5fb8d27136e95/G/O/GOSSET_BRUT_EXCELLENCE.jpg	
philipponnat-royal-reserve	lec		La bouteille de 75 Cl.	29.90	-	https://www.macave.leclerc/philipponnat-royal-reserve		Champagne- Effervescent		#	Champagne- Effervescent	La bouteille de 75 Cl.39.87 € / L (prix E.Leclerc)	https://www.macave.leclerc/media/catalog/product/cache/1/image/9df78eab33525d08d6e5fb8d27136e95/r/s/rsz_philipponnat_royal_reserve.jpg	
pierre-launay-millesime-2011	lec		La bouteille de 75 Cl.	20.95	-	https://www.macave.leclerc/pierre-launay-millesime-2011		Champagne- Champagne Millésimé		20112011	Champagne- Champagne Millésimé	La bouteille de 75 Cl.27.93 € / L (prix E.Leclerc)	https://www.macave.leclerc/media/catalog/product/cache/1/image/9df78eab33525d08d6e5fb8d27136e95/p/i/pierre_launay_millesime_nm.jpg	
pierre-launay-selection	lec		La bouteille de 75 Cl.	17.80	-	https://www.macave.leclerc/pierre-launay-selection		Champagne- Champagne Brut		#	Champagne- Champagne Brut	La bouteille de 75 Cl.23.73 € / L (prix E.Leclerc)	https://www.macave.leclerc/media/catalog/product/cache/1/image/9df78eab33525d08d6e5fb8d27136e95/P/I/PIERRE_LAUNAY_SELECTION.jpg	
pierre-launay-prestige	lec		La bouteille de 75 Cl.	19.35	-	https://www.macave.leclerc/pierre-launay-prestige		Champagne- Champagne Brut		#	Champagne- Champagne Brut	La bouteille de 75 Cl.25.8 € / L (prix E.Leclerc)	https://www.macave.leclerc/media/catalog/product/cache/1/image/9df78eab33525d08d6e5fb8d27136e95/P/I/PIERRE_LAUNAY_PRESTIGE.jpg	
pierre-launay-tradition-brut	lec		La bouteille de 75 Cl.	16.70	-	https://www.macave.leclerc/pierre-launay-tradition-brut		Champagne- Champagne Brut		#	Champagne- Champagne Brut	La bouteille de 75 Cl.22.27 € / L (prix E.Leclerc)	https://www.macave.leclerc/media/catalog/product/cache/1/image/9df78eab33525d08d6e5fb8d27136e95/P/I/PIERRE_LAUNAY_TRADITION_BRUT.jpg	
domaine-des-songes	lec		La bouteille de 75 Cl.	8.50	-	https://www.macave.leclerc/domaine-des-songes		Languedoc-Roussillon- Vin Rouge	IGP Pays d'Oc	2015	Languedoc-Roussillon- Vin Rouge	La bouteille de 75 Cl.11.33 € / L (prix E.Leclerc)	https://www.macave.leclerc/media/catalog/product/cache/1/image/9df78eab33525d08d6e5fb8d27136e95/d/o/domaine-des-songes-2015---bouteille.jpg	
chateau-la-sauvageonne-cuvee-les-ruffes-2014	lec		La bouteille de 75 Cl.	8.75	-	https://www.macave.leclerc/chateau-la-sauvageonne-cuvee-les-ruffes-2014		Languedoc-Roussillon- Vin Rouge	AOC Languedoc	2014	Languedoc-Roussillon- Vin Rouge	La bouteille de 75 Cl.11.67 € / L (prix E.Leclerc)	https://www.macave.leclerc/media/catalog/product/cache/1/image/9df78eab33525d08d6e5fb8d27136e95/C/H/CHATEAU_LA_SAUVAGEONNE.jpg	
chateau-la-sauvageonne-cuvee-les-ruffes-2015	lec		La bouteille de 75 Cl.	8.85	-	https://www.macave.leclerc/chateau-la-sauvageonne-cuvee-les-ruffes-2015		Languedoc-Roussillon- Vin Rouge	AOC Languedoc Terrasses du Larzac	2015	Languedoc-Roussillon- Vin Rouge	La bouteille de 75 Cl.11.8 € / L (prix E.Leclerc)	https://www.macave.leclerc/media/catalog/product/cache/1/image/9df78eab33525d08d6e5fb8d27136e95/C/H/CHATEAU_LA_SAUVAGEONNE_1.jpg	
le-clos-du-lucquier-philippe-2015	lec		La bouteille de 75 Cl.	8.90	-	https://www.macave.leclerc/le-clos-du-lucquier-philippe-2015		Languedoc-Roussillon- Vin Rouge	AOC Languedoc Terrasses du Larzac	2015	Languedoc-Roussillon- Vin Rouge	La bouteille de 75 Cl.11.87 € / L (prix E.Leclerc)	https://www.macave.leclerc/media/catalog/product/cache/1/image/9df78eab33525d08d6e5fb8d27136e95/c/1/c1253_dvp_-_terrasses_du_larzac_domaine_le_clos_du_lucquier_cuv_e_philippe_2015.jpg	
chateau-avernus	lec		La bouteille de 75 Cl.	8.95	-	https://www.macave.leclerc/chateau-avernus		Languedoc-Roussillon- Vin Rouge	AOC Côtes du Roussillon	2014	Languedoc-Roussillon- Vin Rouge	La bouteille de 75 Cl.11.93 € / L (prix E.Leclerc)	https://www.macave.leclerc/media/catalog/product/cache/1/image/9df78eab33525d08d6e5fb8d27136e95/C/H/CHATEAU_AVERNUS_2014.jpg	
les-quatre-clochers	lec		La bouteille de 75 Cl.	9.50	-	https://www.macave.leclerc/les-quatre-clochers		Languedoc-Roussillon- Vin Blanc	AOC Limoux	2012	Languedoc-Roussillon- Vin Blanc	La bouteille de 75 Cl.12.67 € / L (prix E.Leclerc)	https://www.macave.leclerc/media/catalog/product/cache/1/image/9df78eab33525d08d6e5fb8d27136e95/q/u/quatre_clocher_2012.jpg	
les-clos-de-paulilles-2015	lec		La bouteille de 75 Cl.	9.85	-	https://www.macave.leclerc/les-clos-de-paulilles-2015		Languedoc-Roussillon- Vin Rouge	AOC Collioure	2015	Languedoc-Roussillon- Vin Rouge	La bouteille de 75 Cl.13.13 € / L (prix E.Leclerc)	https://www.macave.leclerc/media/catalog/product/cache/1/image/9df78eab33525d08d6e5fb8d27136e95/L/E/LES_CLOS_PAULILLES_JULES_PAMS_2014_1.jpg	
puech-haut-premiere-rouge-2015	lec		La bouteille de 75 Cl.	9.90	-	https://www.macave.leclerc/puech-haut-premiere-rouge-2015		Languedoc-Roussillon- Vin Rouge	AOC Languedoc	2015	Languedoc-Roussillon- Vin Rouge	La bouteille de 75 Cl.13.2 € / L (prix E.Leclerc)	https://www.macave.leclerc/media/catalog/product/cache/1/image/9df78eab33525d08d6e5fb8d27136e95/p/u/puech_haut_premier_rouge_2015.jpg	
puech-haut-premiere-2016	lec		La bouteille de 75 Cl.	9.90	-	https://www.macave.leclerc/puech-haut-premiere-2016		Languedoc-Roussillon- Vin Rosé	AOC Languedoc	2016	Languedoc-Roussillon- Vin Rosé	La bouteille de 75 Cl.13.2 € / L (prix E.Leclerc)	https://www.macave.leclerc/media/catalog/product/cache/1/image/9df78eab33525d08d6e5fb8d27136e95/p/u/puech_haut_premiere_rose_2016.jpg	
domaine-du-causse-d-arboras-la-faille-2014	lec		La bouteille de 75 Cl.	10.90	-	https://www.macave.leclerc/domaine-du-causse-d-arboras-la-faille-2014		Languedoc-Roussillon- Vin Rouge	AOC Languedoc	2014	Languedoc-Roussillon- Vin Rouge	La bouteille de 75 Cl.	https://www.macave.leclerc/media/catalog/product/cache/1/image/9df78eab33525d08d6e5fb8d27136e95/v/j/vjj_domaine_du_causse_d_arboras_la_faille.jpg	
domaine-du-causse-d-arboras-la-sentinelle	lec		La bouteille de 75 Cl.	10.90	-	https://www.macave.leclerc/domaine-du-causse-d-arboras-la-sentinelle		Languedoc-Roussillon- Vin Rouge	AOC Languedoc	2014	Languedoc-Roussillon- Vin Rouge	La bouteille de 75 Cl.	https://www.macave.leclerc/media/catalog/product/cache/1/image/9df78eab33525d08d6e5fb8d27136e95/v/j/vjj_domaine_du_causse_d_arboras_la_sentinelle.jpg	
domaine-de-l-hortus-bergerie	lec		La bouteille de 75 Cl.	10.95	-	https://www.macave.leclerc/domaine-de-l-hortus-bergerie		Languedoc-Roussillon- Vin Rouge	AOC Languedoc Pic Saint Loup	2016	Languedoc-Roussillon- Vin Rouge	La bouteille de 75 Cl.14.6 € / L (prix E.Leclerc)	https://www.macave.leclerc/media/catalog/product/cache/1/image/9df78eab33525d08d6e5fb8d27136e95/d/o/domaine_l_hortus_classique_2016.jpg	
les-hauts-de-castelmaure-2015	lec		Le magnum de 150 Cl.	10.95	-	https://www.macave.leclerc/les-hauts-de-castelmaure-2015		Languedoc-Roussillon- Vin Rouge	AOC Corbières	2015	Languedoc-Roussillon- Vin Rouge	Le magnum de 150 Cl.7.3 € / L (prix E.Leclerc)	https://www.macave.leclerc/media/catalog/product/cache/1/image/9df78eab33525d08d6e5fb8d27136e95/l/e/les_hauts_de_castelmaure_2015.jpg	
insolentia	lec		La bouteille de 75 Cl.	11.50	-	https://www.macave.leclerc/insolentia		Languedoc-Roussillon- Vin Rouge	AOC Côtes du Roussillon	2012	Languedoc-Roussillon- Vin Rouge	La bouteille de 75 Cl.15.33 € / L (prix E.Leclerc)	https://www.macave.leclerc/media/catalog/product/cache/1/image/9df78eab33525d08d6e5fb8d27136e95/i/n/INSOLENTIA.jpg	
domaine-de-l-hortus-grande-cuvee	lec		La bouteille de 75 Cl.	20.95	-	https://www.macave.leclerc/domaine-de-l-hortus-grande-cuvee		Languedoc-Roussillon- Vin Rouge	AOC Languedoc Pic Saint Loup	2015	Languedoc-Roussillon- Vin Rouge	La bouteille de 75 Cl.	https://www.macave.leclerc/media/catalog/product/cache/1/image/9df78eab33525d08d6e5fb8d27136e95/d/o/domaine_de_l_hortus_grande_cuvee_2015.jpg	
domaine-cauhape-delices-lucie-2016	lec		La bouteille de 75 Cl.	10.95	-	https://www.macave.leclerc/domaine-cauhape-delices-lucie-2016		Sud-Ouest- Vin Blanc Moelleux	AOC Jurançon	2016	Sud-Ouest- Vin Blanc Moelleux	La bouteille de 75 Cl.14.6 € / L (prix E.Leclerc)	https://www.macave.leclerc/media/catalog/product/cache/1/image/9df78eab33525d08d6e5fb8d27136e95/d/o/domaine-de-cauhap_---d_lices-de-lucie.jpg	
domaine-de-menard-100-sauvignon	lec		La bouteille de 75 Cl.	4.20	-	https://www.macave.leclerc/domaine-de-menard-100-sauvignon		Sud-Ouest- Vin Blanc	IGP Côtes de Gascogne	2016	Sud-Ouest- Vin Blanc	La bouteille de 75 Cl.5.6 € / L (prix E.Leclerc)	https://www.macave.leclerc/media/catalog/product/cache/1/image/9df78eab33525d08d6e5fb8d27136e95/d/o/domaine_menard_cotes_de_gascogne_2015_2.jpg	
chateau-la-renaudie	lec		La bouteille de 75 Cl.	6.90	-	https://www.macave.leclerc/chateau-la-renaudie		Sud-Ouest- Vin Rouge	AOC Pécharmant	2014	Sud-Ouest- Vin Rouge	La bouteille de 75 Cl.9.2 € / L (prix E.Leclerc)	https://www.macave.leclerc/media/catalog/product/cache/1/image/9df78eab33525d08d6e5fb8d27136e95/C/H/CHATEAU_LA_RENAUDIE_TRADITION_2014.jpg	
domaine-d-escausses-prestige-2015	lec		La bouteille de 75 Cl.	5.95	-	https://www.macave.leclerc/domaine-d-escausses-prestige-2015		Sud-Ouest- Vin Rouge	AOC Gaillac	2015	Sud-Ouest- Vin Rouge	La bouteille de 75 Cl.7.93 € / L (prix E.Leclerc)	https://www.macave.leclerc/media/catalog/product/cache/1/image/9df78eab33525d08d6e5fb8d27136e95/d/o/domaine_escausses_2015.jpg	
chateau-candastre-2015	lec		La bouteille de 75 Cl.	3.50	-	https://www.macave.leclerc/chateau-candastre-2015		Sud-Ouest- Vin Rouge	AOC Gaillac	2016	Sud-Ouest- Vin Rouge	La bouteille de 75 Cl.4.67 € / L (prix E.Leclerc)	https://www.macave.leclerc/media/catalog/product/cache/1/image/9df78eab33525d08d6e5fb8d27136e95/C/H/CHATEAU_CANDASTRE_2015.jpg	
chateau-lerez-monpezat	lec		La bouteille de 75 Cl.	9.50	-	https://www.macave.leclerc/chateau-lerez-monpezat		Sud-Ouest- Vin Rouge	AOC Cahors	2014	Sud-Ouest- Vin Rouge	La bouteille de 75 Cl.12.67 € / L (prix E.Leclerc)	https://www.macave.leclerc/media/catalog/product/cache/1/image/9df78eab33525d08d6e5fb8d27136e95/C/H/CHATEAU_LEREZ_MONPEZAT_2014.jpg	
chateau-quattre-2015	lec		La bouteille de 75 Cl.	5.90	-	https://www.macave.leclerc/chateau-quattre-2015		Sud-Ouest- Vin Rouge	AOC Cahors	2015	Sud-Ouest- Vin Rouge	La bouteille de 75 Cl.7.87 € / L (prix E.Leclerc)	https://www.macave.leclerc/media/catalog/product/cache/1/image/9df78eab33525d08d6e5fb8d27136e95/C/H/CHATEAU_QUATTRE_2015.jpg	
clos-des-batuts	lec		La bouteille de 75 Cl.	4.75	-	https://www.macave.leclerc/clos-des-batuts		Sud-Ouest- Vin Rouge	AOC Cahors	2015	Sud-Ouest- Vin Rouge	La bouteille de 75 Cl.6.33 € / L (prix E.Leclerc)	https://www.macave.leclerc/media/catalog/product/cache/1/image/9df78eab33525d08d6e5fb8d27136e95/c/l/clos_des_batuts_2015.jpg	
grains-de-roy-2015	lec		La bouteille de 75 Cl.	7.80	-	https://www.macave.leclerc/grains-de-roy-2015		Sud-Ouest- Vin Blanc Moelleux	AOC Pacherenc du Vic-Bilh	2015	Sud-Ouest- Vin Blanc Moelleux	La bouteille de 75 Cl.10.4 € / L (prix E.Leclerc)	https://www.macave.leclerc/media/catalog/product/cache/1/image/9df78eab33525d08d6e5fb8d27136e95/g/r/grains_de_roy_2014.jpg	
chateau-haut-theulet-2013	lec		La bouteille de 75 Cl.	7.90	-	https://www.macave.leclerc/chateau-haut-theulet-2013		Sud-Ouest- Vin Blanc Moelleux	AOC Monbazillac	2013	Sud-Ouest- Vin Blanc Moelleux	La bouteille de 75 Cl.10.53 € / L (prix E.Leclerc)	https://www.macave.leclerc/media/catalog/product/cache/1/image/9df78eab33525d08d6e5fb8d27136e95/C/H/CHATEAU_HAUT_THEULET_2013.jpg	
domaine-cauhape-les-vignes-de-silene	lec		La bouteille de 75 Cl.	7.50	-	https://www.macave.leclerc/domaine-cauhape-les-vignes-de-silene		Sud-Ouest- Vin Blanc	AOC Jurançon	2015	Sud-Ouest- Vin Blanc	La bouteille de 75 Cl.10 € / L (prix E.Leclerc)	https://www.macave.leclerc/media/catalog/product/cache/1/image/9df78eab33525d08d6e5fb8d27136e95/d/o/domaine_cauhape_vignes_de_silene_2015.jpg	
chateau-de-rousse-reve-d-elodie-2016	lec		La bouteille de 75 Cl.	8.90	-	https://www.macave.leclerc/chateau-de-rousse-reve-d-elodie-2016		Sud-Ouest- Vin Blanc Moelleux	AOC Jurançon	2016	Sud-Ouest- Vin Blanc Moelleux	La bouteille de 75 Cl.11.87 € / L (prix E.Leclerc)	https://www.macave.leclerc/media/catalog/product/cache/1/image/9df78eab33525d08d6e5fb8d27136e95/C/H/CHATEAU_DE_ROUSSE_2016.jpg	
domaine-de-l-herre-gros-manseng	lec		La bouteille de 75 Cl.	4.50	-	https://www.macave.leclerc/domaine-de-l-herre-gros-manseng		Sud-Ouest- Vin Blanc	IGP Côtes de Gascogne	2016	Sud-Ouest- Vin Blanc	La bouteille de 75 Cl.Soit 27€ le carton 6x75 Cl6 € / L (prix E.Leclerc)	https://www.macave.leclerc/media/catalog/product/cache/1/image/9df78eab33525d08d6e5fb8d27136e95/d/o/domaine_herre_gros_manseng_2014.jpg	
domaine-de-l-herre-sauvignon-blanc-2015	lec		La bouteille de 75 Cl.	4.30	-	https://www.macave.leclerc/domaine-de-l-herre-sauvignon-blanc-2015		Sud-Ouest- Vin Blanc	IGP Côtes de Gascogne	2015	Sud-Ouest- Vin Blanc	La bouteille de 75 Cl.Soit 25.8€ le carton 6x75 Cl5.73 € / L (prix E.Leclerc)	https://www.macave.leclerc/media/catalog/product/cache/1/image/9df78eab33525d08d6e5fb8d27136e95/d/o/domaine_herre_sauvignon_2015.jpg	
petite-faiblesse	lec		La bouteille de 75 Cl.	3.50	-	https://www.macave.leclerc/petite-faiblesse		Sud-Ouest- Vin Blanc	IGP Côtes de Gascogne	2015	Sud-Ouest- Vin Blanc	La bouteille de 75 Cl.Soit 21€ le carton 6x75 Cl4.67 € / L (prix E.Leclerc)	https://www.macave.leclerc/media/catalog/product/cache/1/image/9df78eab33525d08d6e5fb8d27136e95/p/e/petite_faiblesse.jpg	
domaine-du-haut-perron-2014	lec		La bouteille de 75 Cl.	9.90	-	https://www.macave.leclerc/domaine-du-haut-perron-2014		Loire- Vin Blanc	AOC Touraine Chenonceaux	2014	Loire- Vin Blanc	La bouteille de 75 Cl.13.2 € / L (prix E.Leclerc)	https://www.macave.leclerc/media/catalog/product/cache/1/image/9df78eab33525d08d6e5fb8d27136e95/d/o/domaine_haut_perron_chenonceaux_blanc.jpg	
vincent-ricard-le	lec		La bouteille de 75 Cl.	25.00	-	https://www.macave.leclerc/vincent-ricard-le		Loire- Vin Blanc	AOC Touraine	2013	Loire- Vin Blanc	La bouteille de 75 Cl.33.33 € / L (prix E.Leclerc)	https://www.macave.leclerc/media/catalog/product/cache/1/image/9df78eab33525d08d6e5fb8d27136e95/i/n/INTERROGATION.jpg	
les-trois-chenes	lec		La bouteille de 75 Cl.	10.75	-	https://www.macave.leclerc/les-trois-chenes		Loire- Vin Blanc	AOC Touraine	2015	Loire- Vin Blanc	La bouteille de 75 Cl.14.33 € / L (prix E.Leclerc)	https://www.macave.leclerc/media/catalog/product/cache/1/image/9df78eab33525d08d6e5fb8d27136e95/L/E/LES_TROIS_CHENES.jpg	
domaine-roblin-grande-vallee-2015	lec		La bouteille de 75 Cl.	12.90	-	https://www.macave.leclerc/domaine-roblin-grande-vallee-2015		Loire- Vin Blanc	AOC Sancerre	2015	Loire- Vin Blanc	La bouteille de 75 Cl.17.2 € / L (prix E.Leclerc)	https://www.macave.leclerc/media/catalog/product/cache/1/image/9df78eab33525d08d6e5fb8d27136e95/d/o/domaine_roblin_grande_vallee_blanc_2015.jpg	
domaine-jean-max-roger-les-caillottes	lec		La bouteille de 75 Cl.	11.95	-	https://www.macave.leclerc/domaine-jean-max-roger-les-caillottes		Loire- Vin Blanc	AOC Sancerre	2015	Loire- Vin Blanc	La bouteille de 75 Cl.Soit 71.7€ le carton 6x75 Cl15.93 € / L (prix E.Leclerc)	https://www.macave.leclerc/media/catalog/product/cache/1/image/9df78eab33525d08d6e5fb8d27136e95/D/o/DOMAINE_JEAN_MAX_ROGER_CAILLOTTES_2015.jpg	
domaine-carlin-pinson-2016	lec		La bouteille de 75 Cl.	11.50	-	https://www.macave.leclerc/domaine-carlin-pinson-2016		Loire- Vin Blanc	AOC Sancerre	2016	Loire- Vin Blanc	La bouteille de 75 Cl.15.33 € / L (prix E.Leclerc)	https://www.macave.leclerc/media/catalog/product/cache/1/image/9df78eab33525d08d6e5fb8d27136e95/D/O/DOMAINE_CARLIN_PINSON_TRADITION.jpg	
alain-girard-et-fils-2015	lec		La bouteille de 75 Cl.	10.90	-	https://www.macave.leclerc/alain-girard-et-fils-2015		Loire- Vin Blanc	AOC Sancerre	2015	Loire- Vin Blanc	La bouteille de 75 Cl.14.53 € / L (prix E.Leclerc)	https://www.macave.leclerc/media/catalog/product/cache/1/image/9df78eab33525d08d6e5fb8d27136e95/A/L/ALAIN_GIRARD_SANCERRE.jpg	
domaine-michel-cordaillat	lec		La bouteille de 75 Cl.	9.70 8.25	-	https://www.macave.leclerc/domaine-michel-cordaillat		Loire- Vin Blanc	AOC Reuilly	2015	Loire- Vin Blanc	La bouteille de 75 Cl.11 € / L (prix E.Leclerc)	https://www.macave.leclerc/media/catalog/product/cache/1/image/9df78eab33525d08d6e5fb8d27136e95/D/o/DOMAINE_MICHEL_CORDAILLAT_LES_SABLES.jpg	
domaine-de-la-brosse	lec		La bouteille de 75 Cl.	8.50	-	https://www.macave.leclerc/domaine-de-la-brosse		Loire- Vin Blanc	AOC Quincy	2015	Loire- Vin Blanc	La bouteille de 75 Cl.11.33 € / L (prix E.Leclerc)	https://www.macave.leclerc/media/catalog/product/cache/1/image/9df78eab33525d08d6e5fb8d27136e95/D/o/DOMAINE_DE_LA_BROSSE_QUINCY_2015.jpg	
domaine-jean-max-roger-pouilly-fume-2015	lec		La bouteille de 75 Cl.	11.95	-	https://www.macave.leclerc/domaine-jean-max-roger-pouilly-fume-2015		Loire- Vin Blanc	AOC Pouilly-Fumé	2015	Loire- Vin Blanc	La bouteille de 75 Cl.Soit 71.7€ le carton 6x75 Cl15.93 € / L (prix E.Leclerc)	https://www.macave.leclerc/media/catalog/product/cache/1/image/9df78eab33525d08d6e5fb8d27136e95/D/o/DOMAINE_JEAN_MAX_ROGER_ALOUETTES_2015.jpg	
domaine-salmon	lec		La bouteille de 75 Cl.	4.50	-	https://www.macave.leclerc/domaine-salmon		Loire- Vin Blanc	AOC Muscadet Sèvre et Maine sur Lie	2015	Loire- Vin Blanc	La bouteille de 75 Cl.6 € / L (prix E.Leclerc)	https://www.macave.leclerc/media/catalog/product/cache/1/image/9df78eab33525d08d6e5fb8d27136e95/D/o/DOMAINE_SALMON_MUSCADET_VIEILLES_VIGNES.jpg	
grand-fief	lec		La bouteille de 75 Cl.	3.80	-	https://www.macave.leclerc/grand-fief		Loire- Vin Blanc	AOC Muscadet Sèvre et Maine sur Lie	2015	Loire- Vin Blanc	La bouteille de 75 Cl.Soit 22.8€ le carton 6x75 Cl5.07 € / L (prix E.Leclerc)	https://www.macave.leclerc/media/catalog/product/cache/1/image/9df78eab33525d08d6e5fb8d27136e95/G/R/GRAND_FIEF_MUSCADET_2015.jpg	
domaine-jean-max-roger-menetou-salon-2014	lec		La bouteille de 75 Cl.	11.50	-	https://www.macave.leclerc/domaine-jean-max-roger-menetou-salon-2014		Loire- Vin Blanc	AOC Menetou-Salon	2014	Loire- Vin Blanc	La bouteille de 75 Cl.Soit 69€ le carton 6x75 Cl15.33 € / L (prix E.Leclerc)	https://www.macave.leclerc/media/catalog/product/cache/1/image/9df78eab33525d08d6e5fb8d27136e95/D/o/DOMAINE_JEAN_MAX_ROGER_CHARNAY_2014.jpg	
vignoble-de-la-fresnaye-halbert-coteaux-du-layon-saint-aubin	lec		La bouteille de 75 Cl.	7.50	-	https://www.macave.leclerc/vignoble-de-la-fresnaye-halbert-coteaux-du-layon-saint-aubin		Loire- Vin Blanc Moelleux	AOC Coteaux du Layon - Saint Aubin	2015	Loire- Vin Blanc Moelleux	La bouteille de 75 Cl.10 € / L (prix E.Leclerc)	https://www.macave.leclerc/media/catalog/product/cache/1/image/9df78eab33525d08d6e5fb8d27136e95/v/i/VIGNOBLE_FRESNAYE_SAINT_AUBIN.jpg	
domaine-des-deux-vallees-2015	lec		La bouteille de 75 Cl.	7.50	-	https://www.macave.leclerc/domaine-des-deux-vallees-2015		Loire- Vin Blanc Moelleux	AOC Coteaux du Layon	2015	Loire- Vin Blanc Moelleux	La bouteille de 75 Cl.10 € / L (prix E.Leclerc)	https://www.macave.leclerc/media/catalog/product/cache/1/image/9df78eab33525d08d6e5fb8d27136e95/D/o/DOMAINE_DES_DEUX_VALLEES_LES_JUSTICES_2015.jpg	
vignoble-de-la-fresnaye-halbert-coteaux-du-layon	lec		La bouteille de 75 Cl.	6.50	-	https://www.macave.leclerc/vignoble-de-la-fresnaye-halbert-coteaux-du-layon		Loire- Vin Blanc Moelleux	AOC Coteaux du Layon	2015	Loire- Vin Blanc Moelleux	La bouteille de 75 Cl.8.67 € / L (prix E.Leclerc)	https://www.macave.leclerc/media/catalog/product/cache/1/image/9df78eab33525d08d6e5fb8d27136e95/v/i/VIGNOBLE_FRESNAYE_COTEAUX_LAYON.jpg	
madame-veuve-point-pommard-1ercru	lec		La bouteille de 75 Cl.	49.95	-	https://www.macave.leclerc/madame-veuve-point-pommard-1ercru		Bourgogne- Vin Rouge	AOC Pommard 1er Cru	2015	Bourgogne- Vin Rouge	La bouteille de 75 Cl.66.6 € / L (prix E.Leclerc)	https://www.macave.leclerc/media/catalog/product/cache/1/image/9df78eab33525d08d6e5fb8d27136e95/m/a/madame-veuve-point-pommard-1er-cru---visuel-bouteille.jpg	
madame-veuve-point-rully-2015	lec		La bouteille de 75 Cl.	15.95	-	https://www.macave.leclerc/madame-veuve-point-rully-2015		Bourgogne- Vin Blanc	AOC Rully	2015	Bourgogne- Vin Blanc	La bouteille de 75 Cl.21.27 € / L (prix E.Leclerc)	https://www.macave.leclerc/media/catalog/product/cache/1/image/9df78eab33525d08d6e5fb8d27136e95/m/a/madame-veuve-point-rully---visuel-bouteille.jpg	
domaine-christophe-cordier-terroirs-rares	lec		La bouteille de 75 Cl.	17.90	-	https://www.macave.leclerc/domaine-christophe-cordier-terroirs-rares		Bordeaux- Vin Blanc	AOC Pouilly-Fuissé	2016	Bordeaux- Vin Blanc	La bouteille de 75 Cl.23.87 € / L (prix E.Leclerc)	https://www.macave.leclerc/media/catalog/product/cache/1/image/9df78eab33525d08d6e5fb8d27136e95/c/h/christophe-cordier-pouilly-fuiss_---visuel-bouteille.jpg	
chateau-de-la-maltroye	lec		La bouteille de 75 Cl.	26.90	-	https://www.macave.leclerc/chateau-de-la-maltroye		Bourgogne- Vin Rouge	AOC Chassagne-Montrachet	2012	Bourgogne- Vin Rouge	La bouteille de 75 Cl.35.87 € / L (prix E.Leclerc)	https://www.macave.leclerc/media/catalog/product/cache/1/image/9df78eab33525d08d6e5fb8d27136e95/c/h/ch_teau-de-la-maltroye---visuel-bouteille.jpg	
nicolas-feuillatte-grande-reserve-sceau-x-ploration	lec		La bouteille de 75 Cl.	21.50	-	https://www.macave.leclerc/nicolas-feuillatte-grande-reserve-sceau-x-ploration		Champagne- Champagne Brut		#	Champagne- Champagne Brut	La bouteille de 75 Cl.	https://www.macave.leclerc/media/catalog/product/cache/1/image/9df78eab33525d08d6e5fb8d27136e95/n/i/nicolas-feuillatte-grande-reserve-_-sceau-403x471.jpg	
louis-violland-maranges-150cl	lec		Le magnum de 150 Cl.	29.90	-	https://www.macave.leclerc/louis-violland-maranges-150cl		Bourgogne- Vin Rouge		2015	Bourgogne- Vin Rouge	Le magnum de 150 Cl.19.93 € / L (prix E.Leclerc)	https://www.macave.leclerc/media/catalog/product/cache/1/image/9df78eab33525d08d6e5fb8d27136e95/l/o/louis-violland-maranges---visuel-bouteille.jpg	
cave-des-grands-crus-blancs-150cl	lec		Le magnum de 150 Cl.	19.99	-	https://www.macave.leclerc/cave-des-grands-crus-blancs-150cl		Bourgogne- Vin Blanc	AOC Pouilly-Loché	2015	Bourgogne- Vin Blanc	Le magnum de 150 Cl.13.33 € / L (prix E.Leclerc)	https://www.macave.leclerc/media/catalog/product/cache/1/image/9df78eab33525d08d6e5fb8d27136e95/c/a/cave_des_grands_crus_blancs_pouilly_loche_2015.jpg	
domaine-levron-vincenot-clos-des-varennes	lec		La bouteille de 75 Cl.	7.50	-	https://www.macave.leclerc/domaine-levron-vincenot-clos-des-varennes		Loire- Vin Rouge	AOC Saumur Champigny	2016	Loire- Vin Rouge	La bouteille de 75 Cl.10 € / L (prix E.Leclerc)	https://www.macave.leclerc/media/catalog/product/cache/1/image/9df78eab33525d08d6e5fb8d27136e95/d/o/domaine-levron-_-vincenot.jpg	
domaine-roc-folassiere-m-chapoutier-blanc-2015	lec		La bouteille de 75 Cl.	7.50 6.38	-	https://www.macave.leclerc/domaine-roc-folassiere-m-chapoutier-blanc-2015		Rhône- Vin Blanc	AOC Côtes du Rhône	2016	Rhône- Vin Blanc	La bouteille de 75 Cl.Soit 38.28€ le carton 6x75 Cl8.51 € / L (prix E.Leclerc)	https://www.macave.leclerc/media/catalog/product/cache/1/image/9df78eab33525d08d6e5fb8d27136e95/d/o/domaine-roc-folassi_re-blanc-2015---visuel-bouteille.jpg	
domaine-roc-folassiere-m-chapoutier-rouge-2015	lec		La bouteille de 75 Cl.	7.50	-	https://www.macave.leclerc/domaine-roc-folassiere-m-chapoutier-rouge-2015		Rhône- Vin Rouge	AOC Côtes du Rhône	2015	Rhône- Vin Rouge	La bouteille de 75 Cl.10 € / L (prix E.Leclerc)	https://www.macave.leclerc/media/catalog/product/cache/1/image/9df78eab33525d08d6e5fb8d27136e95/d/o/domaine-roc-folassi_re-rouge-2015---visuel-bouteille.jpg	
m-chapoutier-schistes-d-agrumes	lec		La bouteille de 75 Cl.	31.95	-	https://www.macave.leclerc/m-chapoutier-schistes-d-agrumes		Rhône- Vin Blanc	AOC Condrieu	2012	Rhône- Vin Blanc	La bouteille de 75 Cl.42.6 € / L (prix E.Leclerc)	https://www.macave.leclerc/media/catalog/product/cache/1/image/9df78eab33525d08d6e5fb8d27136e95/m/_/m.chapoutier-condrieu---visuel-bouteille.jpg	
m-chapoutier-cornas-2012	lec		La bouteille de 75 Cl.	27.50	-	https://www.macave.leclerc/m-chapoutier-cornas-2012		Rhône- Vin Rouge	AOC Cornas	2012	Rhône- Vin Rouge	La bouteille de 75 Cl.36.67 € / L (prix E.Leclerc)	https://www.macave.leclerc/media/catalog/product/cache/1/image/9df78eab33525d08d6e5fb8d27136e95/m/_/m.chapoutier-cornas---visuel-bouteille.jpg	
m-chapoutier-hermitage-rouge-2014	lec		La bouteille de 75 Cl.	42.95	-	https://www.macave.leclerc/m-chapoutier-hermitage-rouge-2014		Rhône- Vin Rouge	AOC Hermitage	2014	Rhône- Vin Rouge	La bouteille de 75 Cl.57.27 € / L (prix E.Leclerc)	https://www.macave.leclerc/media/catalog/product/cache/1/image/9df78eab33525d08d6e5fb8d27136e95/m/_/m.chapoutier-hermitage-rouge-2014---visuel-bouteille.jpg	
coffret-chanoine-freres-reserve-privee-2-flutes-offertes	lec		La bouteille de 75 Cl.	17.50	-	https://www.macave.leclerc/coffret-chanoine-freres-reserve-privee-2-flutes-offertes		Champagne- Champagne Brut		#	Champagne- Champagne Brut	La bouteille de 75 Cl.	https://www.macave.leclerc/media/catalog/product/cache/1/image/9df78eab33525d08d6e5fb8d27136e95/h/d/hd---coffret-bouteille-chanoine-brut---1mo.jpg	
coffret-chanoine-freres-reserve-privee-2-flutes-offertes-rose	lec		La bouteille de 75 Cl.	17.50	-	https://www.macave.leclerc/coffret-chanoine-freres-reserve-privee-2-flutes-offertes-rose		Champagne- Champagne Brut		#	Champagne- Champagne Brut	La bouteille de 75 Cl.23.33 € / L (prix E.Leclerc)	https://www.macave.leclerc/media/catalog/product/cache/1/image/9df78eab33525d08d6e5fb8d27136e95/m/d/md---coffret-bouteille-chanoine-ros_2fl_tes---1mo.jpg	
caisse-decouverte-2012	lec		La bouteille de 37,5 Cl.	89.00	-	https://www.macave.leclerc/caisse-decouverte-2012		Bordeaux		2012	Bordeaux	La bouteille de 37,5 Cl.237.33 € / L (prix E.Leclerc)	https://www.macave.leclerc/media/catalog/product/cache/1/image/9df78eab33525d08d6e5fb8d27136e95/c/a/caisse-bois-6-demi-btle-2012.jpg	
e-guigal-condrieu-2015	lec		La bouteille de 75 Cl.	36.50	-	https://www.macave.leclerc/e-guigal-condrieu-2015		Rhône- Vin Blanc	AOC Condrieu	2015	Rhône- Vin Blanc	La bouteille de 75 Cl.48.67 € / L (prix E.Leclerc)	https://www.macave.leclerc/media/catalog/product/cache/1/image/9df78eab33525d08d6e5fb8d27136e95/e/_/e_guigal_saint_joseph_2014_1.jpg	
louis-chavy-rully-2014	lec		La bouteille de 75 Cl.	11.50	-	https://www.macave.leclerc/louis-chavy-rully-2014		Bourgogne- Vin Rouge	AOC Rully	2014	Bourgogne- Vin Rouge	La bouteille de 75 Cl.15.33 € / L (prix E.Leclerc)	https://www.macave.leclerc/media/catalog/product/cache/1/image/9df78eab33525d08d6e5fb8d27136e95/l/o/louis-chavy---visuel-bouteille.jpg	
clos-san-quilico-2013	lec		La bouteille de 75 Cl.	8.90	-	https://www.macave.leclerc/clos-san-quilico-2013		Corse- Vin Rouge	AOC Patrimonio	2013	Corse- Vin Rouge	La bouteille de 75 Cl.11.87 € / L (prix E.Leclerc)	https://www.macave.leclerc/media/catalog/product/cache/1/image/9df78eab33525d08d6e5fb8d27136e95/c/l/clos_san_quilico_1.jpg	
domaine-casabianca	lec		Le Bag in Box de 300 Cl.	16.90	-	https://www.macave.leclerc/domaine-casabianca		Corse- Vin Rouge	AOP Corse	#	Corse- Vin Rouge	Le Bag in Box de 300 Cl.	https://www.macave.leclerc/media/catalog/product/cache/1/image/9df78eab33525d08d6e5fb8d27136e95/d/o/domaine_casabianca_rouge_bib.jpg	
domaine-pasqua-chardonnay	lec		La bouteille de 75 Cl.	9.90	-	https://www.macave.leclerc/domaine-pasqua-chardonnay		Corse- Vin Blanc	IGP Ile de Beauté	#	Corse- Vin Blanc	La bouteille de 75 Cl.13.2 € / L (prix E.Leclerc)	https://www.macave.leclerc/media/catalog/product/cache/1/image/9df78eab33525d08d6e5fb8d27136e95/d/o/domaine_pasqua_chardonnay.jpg	
chateau-petit-boyer-2016	lec		La bouteille de 75 Cl.	6.90	-	https://www.macave.leclerc/chateau-petit-boyer-2016		Bordeaux- Vin Rouge	AOC Blaye Côtes de Bordeaux	2016	Bordeaux- Vin Rouge	La bouteille de 75 Cl.9.2 € / L (prix E.Leclerc)	https://www.macave.leclerc/media/catalog/product/cache/1/image/9df78eab33525d08d6e5fb8d27136e95/C/H/CHATEAU_PETIT_BOYER_2015.jpg	
chateau-sainte-clotilde	lec		La bouteille de 75 Cl.	4.60	-	https://www.macave.leclerc/chateau-sainte-clotilde		Bordeaux- Vin Rouge	AOC Blaye Côtes de Bordeaux	2014	Bordeaux- Vin Rouge	La bouteille de 75 Cl.Soit 27.6€ le carton 6x75 Cl6.13 € / L (prix E.Leclerc)	https://www.macave.leclerc/media/catalog/product/cache/1/image/9df78eab33525d08d6e5fb8d27136e95/C/H/CHATEAU_SAINTE_CLOTILDE_2014.jpg	
domaine-hamet-spay	lec		La bouteille de 75 Cl.	10.70	-	https://www.macave.leclerc/domaine-hamet-spay		Beaujolais- Vin Rouge	AOC Saint-Amour	2015	Beaujolais- Vin Rouge	La bouteille de 75 Cl.14.27 € / L (prix E.Leclerc)	https://www.macave.leclerc/media/catalog/product/cache/1/image/9df78eab33525d08d6e5fb8d27136e95/d/o/domaine_hamet_spay.jpg	
domaine-des-pierres-jf-trichard	lec		La bouteille de 75 Cl.	7.50	-	https://www.macave.leclerc/domaine-des-pierres-jf-trichard		Beaujolais- Vin Rouge	AOC Saint-Amour	2014	Beaujolais- Vin Rouge	La bouteille de 75 Cl.10 € / L (prix E.Leclerc)	https://www.macave.leclerc/media/catalog/product/cache/1/image/9df78eab33525d08d6e5fb8d27136e95/s/A/SAINT_AMOUR_GRAND_CRU_BEAUJOLAIS.jpg	
domaine-joly-3760181740160	lec		La bouteille de 75 Cl.	8.20	-	https://www.macave.leclerc/domaine-joly-3760181740160		Beaujolais- Vin Rouge	AOC Régnié	2015	Beaujolais- Vin Rouge	La bouteille de 75 Cl.10.93 € / L (prix E.Leclerc)	https://www.macave.leclerc/media/catalog/product/cache/1/image/9df78eab33525d08d6e5fb8d27136e95/d/o/domaine_joly_regnie.jpg	
maison-jambon-3760116763585	lec		La bouteille de 75 Cl.	10.10	-	https://www.macave.leclerc/maison-jambon-3760116763585		Beaujolais- Vin Rouge	AOC Moulin à Vent	2015	Beaujolais- Vin Rouge	La bouteille de 75 Cl.13.47 € / L (prix E.Leclerc)	https://www.macave.leclerc/media/catalog/product/cache/1/image/9df78eab33525d08d6e5fb8d27136e95/m/a/maison_jambon_moulin_a_vent.jpg	
domaine-joly-3760181740368	lec		La bouteille de 75 Cl.	9.30	-	https://www.macave.leclerc/domaine-joly-3760181740368		Beaujolais- Vin Rouge	AOC Juliénas	2015	Beaujolais- Vin Rouge	La bouteille de 75 Cl.12.4 € / L (prix E.Leclerc)	https://www.macave.leclerc/media/catalog/product/cache/1/image/9df78eab33525d08d6e5fb8d27136e95/d/o/domaine_joly_julienas.jpg	
domaine-des-chizots	lec		La bouteille de 75 Cl.	7.25	-	https://www.macave.leclerc/domaine-des-chizots		Beaujolais- Vin Rouge	AOC Fleurie	2015	Beaujolais- Vin Rouge	La bouteille de 75 Cl.9.67 € / L (prix E.Leclerc)	https://www.macave.leclerc/media/catalog/product/cache/1/image/9df78eab33525d08d6e5fb8d27136e95/d/o/domaine_des_chizots.jpg	
maison-jambon-3760116763554	lec		La bouteille de 75 Cl.	9.40	-	https://www.macave.leclerc/maison-jambon-3760116763554		Beaujolais- Vin Rouge	AOC Côte de Brouilly	2015	Beaujolais- Vin Rouge	La bouteille de 75 Cl.12.53 € / L (prix E.Leclerc)	https://www.macave.leclerc/media/catalog/product/cache/1/image/9df78eab33525d08d6e5fb8d27136e95/m/a/maison_jambon_brouilly.jpg	
vignerons-du-vieux-tinailler-2015	lec		La bouteille de 75 Cl.	5.85	-	https://www.macave.leclerc/vignerons-du-vieux-tinailler-2015		Beaujolais- Vin Rouge	AOC Chiroubles	2015	Beaujolais- Vin Rouge	La bouteille de 75 Cl.7.8 € / L (prix E.Leclerc)	https://www.macave.leclerc/media/catalog/product/cache/1/image/9df78eab33525d08d6e5fb8d27136e95/v/i/vignerons_du_vieux_tinailler_la_source.jpg	
domaine-des-pierres	lec		La bouteille de 75 Cl.	5.90	-	https://www.macave.leclerc/domaine-des-pierres		Beaujolais- Vin Rouge	AOC Chenas	2014	Beaujolais- Vin Rouge	La bouteille de 75 Cl.7.87 € / L (prix E.Leclerc)	https://www.macave.leclerc/media/catalog/product/cache/1/image/9df78eab33525d08d6e5fb8d27136e95/C/H/CHENAS_GRAND_CRU_BEAUJOLAIS.jpg	
les-tours-de-pierreux	lec		La bouteille de 75 Cl.	7.50	-	https://www.macave.leclerc/les-tours-de-pierreux		Beaujolais- Vin Rouge	AOC Brouilly	2015	Beaujolais- Vin Rouge	La bouteille de 75 Cl.10 € / L (prix E.Leclerc)	https://www.macave.leclerc/media/catalog/product/cache/1/image/9df78eab33525d08d6e5fb8d27136e95/t/i/tiyrs_de_pierreux_2015.jpg	
christophe-coquard-69	lec		La bouteille de 75 Cl.	4.95	-	https://www.macave.leclerc/christophe-coquard-69		Beaujolais- Vin Rouge	AOC Beaujolais Villages	2014	Beaujolais- Vin Rouge	La bouteille de 75 Cl.Soit 29.7€ le carton 6x75 Cl6.6 € / L (prix E.Leclerc)	https://www.macave.leclerc/media/catalog/product/cache/1/image/9df78eab33525d08d6e5fb8d27136e95/C/O/COQUARD_CUVEE_69.jpg	
matthieu-de-brully	lec		La bouteille de 75 Cl.	7.85	-	https://www.macave.leclerc/matthieu-de-brully		Bourgogne- Vin Blanc	AOC Macon Pierreclos	2015	Bourgogne- Vin Blanc	La bouteille de 75 Cl.10.47 € / L (prix E.Leclerc)	https://www.macave.leclerc/media/catalog/product/cache/1/image/9df78eab33525d08d6e5fb8d27136e95/m/a/MATHIEU_DE_BRULLY_MACON_PIERRECLOS_BLANC.jpg	
promesse-de-rabaud-promis-3770000126532	lec		La bouteille de 37,5 Cl.	7.90	-	https://www.macave.leclerc/promesse-de-rabaud-promis-3770000126532		Bordeaux- Vin Blanc Moelleux	AOC Sauternes	2012	Bordeaux- Vin Blanc Moelleux	La bouteille de 37,5 Cl.Soit 47.4€ le carton 6x75 Cl21.07 € / L (prix E.Leclerc)	https://www.macave.leclerc/media/catalog/product/cache/1/image/9df78eab33525d08d6e5fb8d27136e95/p/r/promesse_rabaud_promis_2012_1.jpg	
carmes-de-rieussec-2012	lec		La bouteille de 75 Cl.	19.90	-	https://www.macave.leclerc/carmes-de-rieussec-2012		Bordeaux- Vin Blanc Moelleux	AOC Sauternes	2012	Bordeaux- Vin Blanc Moelleux	La bouteille de 75 Cl.26.53 € / L (prix E.Leclerc)	https://www.macave.leclerc/media/catalog/product/cache/1/image/9df78eab33525d08d6e5fb8d27136e95/c/a/carmes_de_rieussec_2012.jpg	
promesse-de-rabaud-promis-sauternes-3770000126525	lec		La bouteille de 75 Cl.	14.50	-	https://www.macave.leclerc/promesse-de-rabaud-promis-sauternes-3770000126525		Bordeaux- Vin Blanc Moelleux	AOC Sauternes	2012	Bordeaux- Vin Blanc Moelleux	La bouteille de 75 Cl.19.33 € / L (prix E.Leclerc)	https://www.macave.leclerc/media/catalog/product/cache/1/image/9df78eab33525d08d6e5fb8d27136e95/p/r/promesse_rabaud_promis_2012.jpg	
chateau-haut-coustet	lec		La bouteille de 75 Cl.	11.95	-	https://www.macave.leclerc/chateau-haut-coustet		Bordeaux- Vin Blanc Moelleux	AOC Sauternes	2013	Bordeaux- Vin Blanc Moelleux	La bouteille de 75 Cl.15.93 € / L (prix E.Leclerc)	https://www.macave.leclerc/media/catalog/product/cache/1/image/9df78eab33525d08d6e5fb8d27136e95/c/h/chateau_haut_coustet_2013.jpg	
l-abeille-de-fieuzal-blanc	lec		La bouteille de 75 Cl.	27.90	-	https://www.macave.leclerc/l-abeille-de-fieuzal-blanc		Bordeaux- Vin Blanc	AOC Pessac-Léognan	2013	Bordeaux- Vin Blanc	La bouteille de 75 Cl.37.2 € / L (prix E.Leclerc)	https://www.macave.leclerc/media/catalog/product/cache/1/image/9df78eab33525d08d6e5fb8d27136e95/A/B/ABEILLE_DE_FIEUZAL_2013_1.jpg	
chateau-de-chantegrive-caroline	lec		La bouteille de 75 Cl.	14.90	-	https://www.macave.leclerc/chateau-de-chantegrive-caroline		Bordeaux- Vin Blanc	AOC Graves	2015	Bordeaux- Vin Blanc	La bouteille de 75 Cl.19.87 € / L (prix E.Leclerc)	https://www.macave.leclerc/media/catalog/product/cache/1/image/9df78eab33525d08d6e5fb8d27136e95/C/H/CHATEAU_CHANTEGRIVE_CAROLINE.jpg	
chateau-rauzan-despagne-reserve-2016	lec		La bouteille de 75 Cl.	6.95	-	https://www.macave.leclerc/chateau-rauzan-despagne-reserve-2016		Bordeaux- Vin Blanc	AOC Entre-deux-Mers	2016	Bordeaux- Vin Blanc	La bouteille de 75 Cl.9.27 € / L (prix E.Leclerc)	https://www.macave.leclerc/media/catalog/product/cache/1/image/9df78eab33525d08d6e5fb8d27136e95/C/H/CHATEAU_RAUZAN_DESPAGNE_RESERVE_BLANC.jpg	
chateau-petit-boyer-seduction-2015	lec		La bouteille de 75 Cl.	5.87	-	https://www.macave.leclerc/chateau-petit-boyer-seduction-2015		Bordeaux- Vin Blanc	AOC Blaye Côtes de Bordeaux	2015	Bordeaux- Vin Blanc	La bouteille de 75 Cl.7.83 € / L (prix E.Leclerc)	https://www.macave.leclerc/media/catalog/product/cache/1/image/9df78eab33525d08d6e5fb8d27136e95/c/h/chateau_petit_boyer_seduction_2015.jpg	
bestheim-schlossberg	lec		La bouteille de 75 Cl.	11.70	-	https://www.macave.leclerc/bestheim-schlossberg		Alsace- Vin Blanc	AOC Alsace Riesling Grand Cru	2014	Alsace- Vin Blanc	La bouteille de 75 Cl.15.6 € / L (prix E.Leclerc)	https://www.macave.leclerc/media/catalog/product/cache/1/image/9df78eab33525d08d6e5fb8d27136e95/b/e/bestheim_schlossberg_riesling.jpg	
cave-du-roi-dagobert-degustation	lec		La bouteille de 75 Cl.	5.30	-	https://www.macave.leclerc/cave-du-roi-dagobert-degustation		Alsace- Vin Blanc	AOC Alsace Riesling	2015	Alsace- Vin Blanc	La bouteille de 75 Cl.7.07 € / L (prix E.Leclerc)	https://www.macave.leclerc/media/catalog/product/cache/1/image/9df78eab33525d08d6e5fb8d27136e95/c/a/cave_du_rois_dagobert.jpg	
joseph-cattin-pinot-gris	lec		La bouteille de 75 Cl.	6.75	-	https://www.macave.leclerc/joseph-cattin-pinot-gris		Alsace- Vin Blanc	AOC Alsace Pinot Gris	2015	Alsace- Vin Blanc	La bouteille de 75 Cl.9 € / L (prix E.Leclerc)	https://www.macave.leclerc/media/catalog/product/cache/1/image/9df78eab33525d08d6e5fb8d27136e95/J/O/JOSEPH_CANTIN_PINOT_GRIS.jpg	
les-palmiers-de-galoupet	lec		La bouteille de 75 Cl.	5.90	-	https://www.macave.leclerc/les-palmiers-de-galoupet		Provence- Vin Rosé	AOC Côtes de Provence	2016	Provence- Vin Rosé	La bouteille de 75 Cl.	https://www.macave.leclerc/media/catalog/product/cache/1/image/9df78eab33525d08d6e5fb8d27136e95/l/e/les_palmiers_du_galoupet.jpg	
commanderie-de-peyrassol-reserve-des-templiers	lec		La bouteille de 75 Cl.	7.95	-	https://www.macave.leclerc/commanderie-de-peyrassol-reserve-des-templiers		Provence- Vin Rosé	AOC Côtes de Provence	2016	Provence- Vin Rosé	La bouteille de 75 Cl.	https://www.macave.leclerc/media/catalog/product/cache/1/image/9df78eab33525d08d6e5fb8d27136e95/c/o/commanderie_peyrassol_reserve_templier_rose_2016.jpg	
m-de-madrague	lec		La bouteille de 75 Cl.	6.95	-	https://www.macave.leclerc/m-de-madrague		Provence- Vin Rosé	AOC Côtes de Provence	2016	Provence- Vin Rosé	La bouteille de 75 Cl.	https://www.macave.leclerc/media/catalog/product/cache/1/image/9df78eab33525d08d6e5fb8d27136e95/m/_/m_de_madrague_cdp_rose_mil_2016.jpg	
villa-louise-cuvee-favorite	lec		La bouteille de 75 Cl.	5.90	-	https://www.macave.leclerc/villa-louise-cuvee-favorite		Provence- Vin Rosé	AOC Côtes de Provence	2016	Provence- Vin Rosé	La bouteille de 75 Cl.	https://www.macave.leclerc/media/catalog/product/cache/1/image/9df78eab33525d08d6e5fb8d27136e95/v/i/villa_louise_-_cuvee_favorite.jpg	
le-t-de-tamary	lec		La bouteille de 75 Cl.	5.50	-	https://www.macave.leclerc/le-t-de-tamary		Provence- Vin Rosé	AOC Côtes de Provence	2016	Provence- Vin Rosé	La bouteille de 75 Cl.	https://www.macave.leclerc/media/catalog/product/cache/1/image/9df78eab33525d08d6e5fb8d27136e95/t/_/t_de_tamary.jpg	
les-grandes-terrasses-de-tamary	lec		La bouteille de 75 Cl.	6.90	-	https://www.macave.leclerc/les-grandes-terrasses-de-tamary		Provence- Vin Rosé	AOC Côtes de Provence	2015	Provence- Vin Rosé	La bouteille de 75 Cl.9.2 € / L (prix E.Leclerc)	https://www.macave.leclerc/media/catalog/product/cache/1/image/9df78eab33525d08d6e5fb8d27136e95/G/R/GRANDES_TERRASSES_TAMARY_2015.jpg	
air-de-rose-by-galoupet	lec		La bouteille de 75 Cl.	5.95	-	https://www.macave.leclerc/air-de-rose-by-galoupet		Provence- Vin Rosé	AOC Côtes de Provence	2015	Provence- Vin Rosé	La bouteille de 75 Cl.7.93 € / L (prix E.Leclerc)	https://www.macave.leclerc/media/catalog/product/cache/1/image/9df78eab33525d08d6e5fb8d27136e95/A/I/AIR_DE_ROSE_GALOUPET.jpg	
domaine-saint-jean	lec		La bouteille de 75 Cl.	4.50	-	https://www.macave.leclerc/domaine-saint-jean		Provence- Vin Rosé	AOC Côtes de Provence	2016	Provence- Vin Rosé	La bouteille de 75 Cl.	https://www.macave.leclerc/media/catalog/product/cache/1/image/9df78eab33525d08d6e5fb8d27136e95/d/o/domaine_saint_jean.jpg	
domaine-rentz-muller-3497540002514	lec		La bouteille de 75 Cl.	7.50	-	https://www.macave.leclerc/domaine-rentz-muller-3497540002514		Alsace- Vin Rouge	AOC Alsace Pinot Noir	2016	Alsace- Vin Rouge	La bouteille de 75 Cl.10 € / L (prix E.Leclerc)	https://www.macave.leclerc/media/catalog/product/cache/1/image/9df78eab33525d08d6e5fb8d27136e95/d/o/domaine_rentz_muller_pinot_noir.jpg	
domaine-edmond-rentz-riesling-les-comtes	lec		La bouteille de 75 Cl.	8.50	-	https://www.macave.leclerc/domaine-edmond-rentz-riesling-les-comtes		Alsace- Vin Blanc	AOC Alsace Riesling	2014	Alsace- Vin Blanc	La bouteille de 75 Cl.11.33 € / L (prix E.Leclerc)	https://www.macave.leclerc/media/catalog/product/cache/1/image/9df78eab33525d08d6e5fb8d27136e95/d/o/domaine_rentz_muller_riesling_les_comtes_2014.jpg	
d-aix-elodie	lec		La bouteille de 75 Cl.	5.30	-	https://www.macave.leclerc/d-aix-elodie		Provence- Vin Rosé	AOC Côteaux d'Aix en Provence	2016	Provence- Vin Rosé	La bouteille de 75 Cl.	https://www.macave.leclerc/media/catalog/product/cache/1/image/9df78eab33525d08d6e5fb8d27136e95/d/_/d_aix_elodie.jpg	
domaine-rentz-muller-riesling-2015	lec		La bouteille de 75 Cl.	6.90	-	https://www.macave.leclerc/domaine-rentz-muller-riesling-2015		Alsace- Vin Blanc	AOC Alsace Riesling	2015	Alsace- Vin Blanc	La bouteille de 75 Cl.9.2 € / L (prix E.Leclerc)	https://www.macave.leclerc/media/catalog/product/cache/1/image/9df78eab33525d08d6e5fb8d27136e95/d/o/domaine_rentz_muller_riesling.jpg	
air-de-rose-by-fregate	lec		La bouteille de 75 Cl.	6.95	-	https://www.macave.leclerc/air-de-rose-by-fregate		Provence- Vin Rosé	AOC Bandol	2016	Provence- Vin Rosé	La bouteille de 75 Cl.	https://www.macave.leclerc/media/catalog/product/cache/1/image/9df78eab33525d08d6e5fb8d27136e95/a/i/air_de_rose_by_fregate.jpg	
chateau-sainte-beatrice	lec		La bouteille de 75 Cl.	8.50	-	https://www.macave.leclerc/chateau-sainte-beatrice		Provence- Vin Rosé	AOC Côtes de Provence	2015	Provence- Vin Rosé	La bouteille de 75 Cl.11.33 € / L (prix E.Leclerc)	https://www.macave.leclerc/media/catalog/product/cache/1/image/9df78eab33525d08d6e5fb8d27136e95/C/H/CHATEAU_SAINTE_BEATRICE_INSTANT_B.jpg	
jean-luc-colombo-rossinant	lec		La bouteille de 75 Cl.	6.90	-	https://www.macave.leclerc/jean-luc-colombo-rossinant		Rhône- Vin Rouge	AOC Côtes du Rhône	2015	Rhône- Vin Rouge	La bouteille de 75 Cl.9.2 € / L (prix E.Leclerc)	https://www.macave.leclerc/media/catalog/product/cache/1/image/9df78eab33525d08d6e5fb8d27136e95/J/E/JEAN_LUC_COLOMBO_ROSSINANT.jpg	
la-vieille-ferme-blanc-2016	lec		La bouteille de 75 Cl.	3.85	-	https://www.macave.leclerc/la-vieille-ferme-blanc-2016		Rhône- Vin Blanc	AOC Luberon	2016	Rhône- Vin Blanc	La bouteille de 75 Cl.5.13 € / L (prix E.Leclerc)	https://www.macave.leclerc/media/catalog/product/cache/1/image/9df78eab33525d08d6e5fb8d27136e95/c/1/c1269_perrin_et_fils_-_luberon__la_vieille_ferme_blanc__2016_1_.jpg	
domaine-de-la-cheneraie	lec		La bouteille de 75 Cl.	8.50	-	https://www.macave.leclerc/domaine-de-la-cheneraie		Rhône- Vin Rouge	AOC Beaumes de Venise	2015	Rhône- Vin Rouge	La bouteille de 75 Cl.11.33 € / L (prix E.Leclerc)	https://www.macave.leclerc/media/catalog/product/cache/1/image/9df78eab33525d08d6e5fb8d27136e95/D/O/DOMAINE_DE_LA_CHENERAIE.jpg	
domaine-rentz-muller-gewurztraminer-2015	lec		La bouteille de 75 Cl.	8.50	-	https://www.macave.leclerc/domaine-rentz-muller-gewurztraminer-2015		Alsace- Vin Blanc	AOC Alsace Gewurztraminer	2015	Alsace- Vin Blanc	La bouteille de 75 Cl.11.33 € / L (prix E.Leclerc)	https://www.macave.leclerc/media/catalog/product/cache/1/image/9df78eab33525d08d6e5fb8d27136e95/d/o/domaine_rentz_muller_gewurztraminer.jpg	
domaine-rentz-muller-gewurztraminer-2013	lec		La bouteille de 50 Cl.	23.90	-	https://www.macave.leclerc/domaine-rentz-muller-gewurztraminer-2013		Alsace- Vin Blanc	AOC Alsace Gewurztraminer	2013	Alsace- Vin Blanc	La bouteille de 50 Cl.47.8 € / L (prix E.Leclerc)	https://www.macave.leclerc/media/catalog/product/cache/1/image/9df78eab33525d08d6e5fb8d27136e95/d/o/domaine_rentz_muller_gewurztraminer_grains_nobles.jpg	
domaine-edmond-rentz-gewurztraminer-grand-cru-froehn	lec		La bouteille de 75 Cl.	12.90	-	https://www.macave.leclerc/domaine-edmond-rentz-gewurztraminer-grand-cru-froehn		Alsace- Vin Blanc	AOC Alsace Gewurztraminer Grand Cru	2014	Alsace- Vin Blanc	La bouteille de 75 Cl.17.2 € / L (prix E.Leclerc)	https://www.macave.leclerc/media/catalog/product/cache/1/image/9df78eab33525d08d6e5fb8d27136e95/d/o/domaine_rentz_muller_gewurztraminer_grand_cru_froehn_2014.jpg	
selection-ogier-les-dentelles-2014	lec		La bouteille de 75 Cl.	14.50	-	https://www.macave.leclerc/selection-ogier-les-dentelles-2014		Rhône- Vin Rouge	AOC Gigondas	2014	Rhône- Vin Rouge	La bouteille de 75 Cl.Soit 87€ le carton 6x75 Cl19.33 € / L (prix E.Leclerc)	https://www.macave.leclerc/media/catalog/product/cache/1/image/9df78eab33525d08d6e5fb8d27136e95/L/E/LES_DENTELLES_2014.jpg	
les-hauts-de-montmartel-2015	lec		La bouteille de 75 Cl.	5.25	-	https://www.macave.leclerc/les-hauts-de-montmartel-2015		Rhône- Vin Rouge	AOC Côtes du Rhône Villages	2015	Rhône- Vin Rouge	La bouteille de 75 Cl.7 € / L (prix E.Leclerc)	https://www.macave.leclerc/media/catalog/product/cache/1/image/9df78eab33525d08d6e5fb8d27136e95/L/E/LES_HAUTS_MONTMARTEL_2015.jpg	
les-elegantes	lec		La bouteille de 75 Cl.	4.65	-	https://www.macave.leclerc/les-elegantes		Rhône- Vin Rouge	AOC Côtes du Rhône Villages	2015	Rhône- Vin Rouge	La bouteille de 75 Cl.Soit 27.9€ le carton 6x75 Cl6.2 € / L (prix E.Leclerc)	https://www.macave.leclerc/media/catalog/product/cache/1/image/9df78eab33525d08d6e5fb8d27136e95/L/E/LES_ELEGANTES_2015.jpg	
les-vins-de-vienne	lec		La bouteille de 75 Cl.	8.90	-	https://www.macave.leclerc/les-vins-de-vienne		Rhône- Vin Rouge	AOC Côtes du Rhône	2013	Rhône- Vin Rouge	La bouteille de 75 Cl.11.87 € / L (prix E.Leclerc)	https://www.macave.leclerc/media/catalog/product/cache/1/image/9df78eab33525d08d6e5fb8d27136e95/v/i/vins_de_vienne_cranilles.jpg	
vidal-fleury-les-coursieres	lec		La bouteille de 75 Cl.	6.25	-	https://www.macave.leclerc/vidal-fleury-les-coursieres		Rhône- Vin Rouge	AOC Côtes du Rhône	2013	Rhône- Vin Rouge	La bouteille de 75 Cl.8.33 € / L (prix E.Leclerc)	https://www.macave.leclerc/media/catalog/product/cache/1/image/9df78eab33525d08d6e5fb8d27136e95/v/i/VIDAL_FLEURY_LES_COURSIERES_2013.jpg	
terres-de-garrigues	lec		La bouteille de 75 Cl.	5.85	-	https://www.macave.leclerc/terres-de-garrigues		Rhône- Vin Rouge	AOC Côtes du Rhône	2015	Rhône- Vin Rouge	La bouteille de 75 Cl.7.8 € / L (prix E.Leclerc)	https://www.macave.leclerc/media/catalog/product/cache/1/image/9df78eab33525d08d6e5fb8d27136e95/T/E/TERRES_DE_GARRIGUES_VIEILLES_VIGNES_2015.jpg	
les-sans-marche-2014	lec		La bouteille de 75 Cl.	29.50	-	https://www.macave.leclerc/les-sans-marche-2014		Rhône- Vin Rouge	AOC Côte Rôtie	2014	Rhône- Vin Rouge	La bouteille de 75 Cl.39.33 € / L (prix E.Leclerc)	https://www.macave.leclerc/media/catalog/product/cache/1/image/9df78eab33525d08d6e5fb8d27136e95/L/E/LES_SANS_MARCHES_2014.jpg	
domaine-courbis-2014	lec		La bouteille de 75 Cl.	19.95	-	https://www.macave.leclerc/domaine-courbis-2014		Rhône- Vin Rouge	AOC Cornas	2014	Rhône- Vin Rouge	La bouteille de 75 Cl.26.6 € / L (prix E.Leclerc)	https://www.macave.leclerc/media/catalog/product/cache/1/image/9df78eab33525d08d6e5fb8d27136e95/D/o/DOMAINE_COURBIS_LES_AGATHES_2014.jpg	
cellier-des-princes	lec		La bouteille de 75 Cl.	12.90	-	https://www.macave.leclerc/cellier-des-princes		Rhône- Vin Rouge	AOC Châteauneuf-du-Pape	2015	Rhône- Vin Rouge	La bouteille de 75 Cl.17.2 € / L (prix E.Leclerc)	https://www.macave.leclerc/media/catalog/product/cache/1/image/9df78eab33525d08d6e5fb8d27136e95/C/e/CELLIER_DES_PRINCES_2015.jpg	
domaine-la-brune-grande-ribaute-2015	lec		La bouteille de 75 Cl.	6.95	-	https://www.macave.leclerc/domaine-la-brune-grande-ribaute-2015		Rhône- Vin Rouge	AOC Beaumes de Venise	2015	Rhône- Vin Rouge	La bouteille de 75 Cl.9.27 € / L (prix E.Leclerc)	https://www.macave.leclerc/media/catalog/product/cache/1/image/9df78eab33525d08d6e5fb8d27136e95/D/o/DOMAINE_LA_BRUNE_GRANDE_RIBAUTE_2015.jpg	
famille-perrin	lec		La bouteille de 75 Cl.	5.45	-	https://www.macave.leclerc/famille-perrin		Rhône- Vin Blanc	AOC Côtes du Rhône	2015	Rhône- Vin Blanc	La bouteille de 75 Cl.7.27 € / L (prix E.Leclerc)	https://www.macave.leclerc/media/catalog/product/cache/1/image/9df78eab33525d08d6e5fb8d27136e95/f/a/FAMILLE_PERRIN_RESERVE_BLANC_2015.jpg	
m-de-minuty-2016	lec		La bouteille de 75 Cl.	10.99	-	https://www.macave.leclerc/m-de-minuty-2016		Provence- Vin Rosé	AOC Côtes de Provence	2016	Provence- Vin Rosé	La bouteille de 75 Cl.	https://www.macave.leclerc/media/catalog/product/cache/1/image/9df78eab33525d08d6e5fb8d27136e95/m/_/m_de_minuty.jpg	
roseline-harmonie	lec		La bouteille de 75 Cl.	8.50	-	https://www.macave.leclerc/roseline-harmonie		Provence- Vin Rosé	AOC Côtes de Provence	2016	Provence- Vin Rosé	La bouteille de 75 Cl.	https://www.macave.leclerc/media/catalog/product/cache/1/image/9df78eab33525d08d6e5fb8d27136e95/r/o/roseline_-_harmonie.jpg	
domaine-alzitella	lec		La bouteille de 75 Cl.	4.90	-	https://www.macave.leclerc/domaine-alzitella		Corse- Vin Rosé	IGP Ile de Beauté	2016	Corse- Vin Rosé	La bouteille de 75 Cl.	https://www.macave.leclerc/media/catalog/product/cache/1/image/9df78eab33525d08d6e5fb8d27136e95/d/o/domaine_alzitella.jpg	
cantarelle	lec		La bouteille de 75 Cl.	4.50	-	https://www.macave.leclerc/cantarelle		Provence- Vin Rosé	AOC Côtes de Provence	2016	Provence- Vin Rosé	La bouteille de 75 Cl.	https://www.macave.leclerc/media/catalog/product/cache/1/image/9df78eab33525d08d6e5fb8d27136e95/c/a/cantarelle_magnum.jpg	
les-tongs	lec		La bouteille de 75 Cl.	3.50	-	https://www.macave.leclerc/les-tongs		Provence- Vin Rosé	IGP Var	2016	Provence- Vin Rosé	La bouteille de 75 Cl.4.67 € / L (prix E.Leclerc)	https://www.macave.leclerc/media/catalog/product/cache/1/image/9df78eab33525d08d6e5fb8d27136e95/l/e/les_tongs.jpg	
chateau-le-tertre-3760137600364	lec		La bouteille de 75 Cl.	4.25	-	https://www.macave.leclerc/chateau-le-tertre-3760137600364		Bordeaux- Vin Rosé	AOC Bordeaux	2016	Bordeaux- Vin Rosé	La bouteille de 75 Cl.	https://www.macave.leclerc/media/catalog/product/cache/1/image/9df78eab33525d08d6e5fb8d27136e95/c/h/chateau_le_tertre_bordeaux_rose_1.jpg	
gris-by-pheeric-2014	lec		La bouteille de 75 Cl.	5.90	-	https://www.macave.leclerc/gris-by-pheeric-2014		Provence- Vin Rosé	IGP Var	2015	Provence- Vin Rosé	La bouteille de 75 Cl.7.87 € / L (prix E.Leclerc)	https://www.macave.leclerc/media/catalog/product/cache/1/image/9df78eab33525d08d6e5fb8d27136e95/G/R/GRIS_PHEERIC.jpg	
cantarelle-mag	lec		Le magnum de 150 Cl.	14.50	-	https://www.macave.leclerc/cantarelle-mag		Provence- Vin Rosé	AOC Côtes de Provence	2016	Provence- Vin Rosé	Le magnum de 150 Cl.	https://www.macave.leclerc/media/catalog/product/cache/1/image/9df78eab33525d08d6e5fb8d27136e95/c/a/cantarelle.jpg	
chateau-peyrassol	lec		La bouteille de 75 Cl.	14.90	-	https://www.macave.leclerc/chateau-peyrassol		Provence- Vin Rosé	AOC Côtes de Provence	2015	Provence- Vin Rosé	La bouteille de 75 Cl.19.87 € / L (prix E.Leclerc)	https://www.macave.leclerc/media/catalog/product/cache/1/image/9df78eab33525d08d6e5fb8d27136e95/C/H/CHATEAU_PEYRASSOL.jpg	
sainte-victoire-3760125940748	lec		La bouteille de 75 Cl.	8.50	-	https://www.macave.leclerc/sainte-victoire-3760125940748		Provence- Vin Rosé	AOC Côtes de Provence	2016	Provence- Vin Rosé	La bouteille de 75 Cl.11.33 € / L (prix E.Leclerc)	https://www.macave.leclerc/media/catalog/product/cache/1/image/9df78eab33525d08d6e5fb8d27136e95/s/a/sainte_victoire_by_elodie.jpg	
robert-cantin-les-grezes	lec		La bouteille de 75 Cl.	5.50	-	https://www.macave.leclerc/robert-cantin-les-grezes		Vin Rosé	Vin de France	2016	Vin Rosé	La bouteille de 75 Cl.	https://www.macave.leclerc/media/catalog/product/cache/1/image/9df78eab33525d08d6e5fb8d27136e95/r/o/robert_cantin_-_les_grezes.jpg	
domaine-rimauresq	lec		La bouteille de 75 Cl.	12.90	-	https://www.macave.leclerc/domaine-rimauresq		Provence- Vin Rosé	AOC Côtes de Provence	2015	Provence- Vin Rosé	La bouteille de 75 Cl.17.2 € / L (prix E.Leclerc)	https://www.macave.leclerc/media/catalog/product/cache/1/image/9df78eab33525d08d6e5fb8d27136e95/D/o/DOMAINE_RIMAURESQ.jpg	
reserve-de-l-herre-rose	lec		La bouteille de 75 Cl.	3.90	-	https://www.macave.leclerc/reserve-de-l-herre-rose		Sud-Ouest- Vin Rosé	IGP Côtes de Gascogne	2016	Sud-Ouest- Vin Rosé	La bouteille de 75 Cl.5.2 € / L (prix E.Leclerc)	https://www.macave.leclerc/media/catalog/product/cache/1/image/9df78eab33525d08d6e5fb8d27136e95/r/e/reserve_de_l_herre.jpg	
chateau-du-galoupet-2015	lec		La bouteille de 75 Cl.	10.50	-	https://www.macave.leclerc/chateau-du-galoupet-2015		Provence- Vin Rosé	AOC Côtes de Provence	2015	Provence- Vin Rosé	La bouteille de 75 Cl.14 € / L (prix E.Leclerc)	https://www.macave.leclerc/media/catalog/product/cache/1/image/9df78eab33525d08d6e5fb8d27136e95/C/H/CHATEAU_DU_GALOUPET_EQUIPAGE.jpg	
la-commanderie-de-peyrassol	lec		La bouteille de 75 Cl.	11.50	-	https://www.macave.leclerc/la-commanderie-de-peyrassol		Provence- Vin Rosé	AOC Côtes de Provence	2015	Provence- Vin Rosé	La bouteille de 75 Cl.15.33 € / L (prix E.Leclerc)	https://www.macave.leclerc/media/catalog/product/cache/1/image/9df78eab33525d08d6e5fb8d27136e95/C/O/COMMANDERIE_DE_PEYRASSOL.jpg	
domaine-de-la-courtade-alycastre-3547030000220	lec		La bouteille de 75 Cl.	11.00	-	https://www.macave.leclerc/domaine-de-la-courtade-alycastre-3547030000220		Provence- Vin Rosé	AOC Côtes de Provence	2015	Provence- Vin Rosé	La bouteille de 75 Cl.14.67 € / L (prix E.Leclerc)	https://www.macave.leclerc/media/catalog/product/cache/1/image/9df78eab33525d08d6e5fb8d27136e95/D/o/DOMAINE_LA_COURTADE_ALYCASTRE_1.jpg	
domaine-casabianca-rose	lec		Le Bag in Box de 300 Cl.	16.90	-	https://www.macave.leclerc/domaine-casabianca-rose		Corse- Vin Rosé	AOP Corse	#	Corse- Vin Rosé	Le Bag in Box de 300 Cl.5.63 € / L (prix E.Leclerc)	https://www.macave.leclerc/media/catalog/product/cache/1/image/9df78eab33525d08d6e5fb8d27136e95/d/o/domaine_casabianca_rose_bib.jpg	
le-p-tit-rose	lec		La bouteille de 75 Cl.	6.50	-	https://www.macave.leclerc/le-p-tit-rose		Loire- Vin Rosé	AOC Rosé de Loire	2015	Loire- Vin Rosé	La bouteille de 75 Cl.8.67 € / L (prix E.Leclerc)	https://www.macave.leclerc/media/catalog/product/cache/1/image/9df78eab33525d08d6e5fb8d27136e95/P/T/PTIT_ROSE.jpg	
l-expression-du-domaine-de-flines	lec		La bouteille de 75 Cl.	3.99	-	https://www.macave.leclerc/l-expression-du-domaine-de-flines		Loire- Vin Rosé	AOC Cabernet d'Anjou	2016	Loire- Vin Rosé	La bouteille de 75 Cl.Soit 23.94€ le carton 6x75 Cl5.32 € / L (prix E.Leclerc)	https://www.macave.leclerc/media/catalog/product/cache/1/image/9df78eab33525d08d6e5fb8d27136e95/E/X/EXPRESSION_DU_DOMAINE_DE_FLINES_2016.jpg	
domaine-notre-dame	lec		La bouteille de 75 Cl.	2.99	-	https://www.macave.leclerc/domaine-notre-dame		Provence- Vin Rosé	AOC Côteaux d'Aix en Provence	2016	Provence- Vin Rosé	La bouteille de 75 Cl.	https://www.macave.leclerc/media/catalog/product/cache/1/image/9df78eab33525d08d6e5fb8d27136e95/d/o/domaine_notre_dame.jpg	
mas-de-lunes-cuvee-la-pierre-du-midi-2015	lec		La bouteille de 75 Cl.	5.95	-	https://www.macave.leclerc/mas-de-lunes-cuvee-la-pierre-du-midi-2015		Languedoc-Roussillon- Vin Rouge	AOC Languedoc	2015	Languedoc-Roussillon- Vin Rouge	La bouteille de 75 Cl.7.93 € / L (prix E.Leclerc)	https://www.macave.leclerc/media/catalog/product/cache/1/image/9df78eab33525d08d6e5fb8d27136e95/m/a/mas_de_lunes_cuvee_la_pierre_du_midi_2015.jpg	
vinus-2016	lec		La bouteille de 75 Cl.	3.60	-	https://www.macave.leclerc/vinus-2016		Languedoc-Roussillon- Vin Blanc	IGP Pays d'Oc	2016	Languedoc-Roussillon- Vin Blanc	La bouteille de 75 Cl.4.8 € / L (prix E.Leclerc)	https://www.macave.leclerc/media/catalog/product/cache/1/image/9df78eab33525d08d6e5fb8d27136e95/v/i/vinus_2016.jpg	
domaine-de-l-ancienne-cure-les-grains-d-or-2014	lec		La bouteille de 75 Cl.	11.95	-	https://www.macave.leclerc/domaine-de-l-ancienne-cure-les-grains-d-or-2014		Sud-Ouest- Vin Blanc Moelleux	AOC Monbazillac	2014	Sud-Ouest- Vin Blanc Moelleux	La bouteille de 75 Cl.15.93 € / L (prix E.Leclerc)	https://www.macave.leclerc/media/catalog/product/cache/1/image/9df78eab33525d08d6e5fb8d27136e95/d/o/domaine_ancienne_cure_grains_or_2013_1.jpg	
chateau-haut-peyrous-l-atypique	lec		La bouteille de 75 Cl.	14.50	-	https://www.macave.leclerc/chateau-haut-peyrous-l-atypique		Bordeaux- Vin Blanc	AOC Graves	2012	Bordeaux- Vin Blanc	La bouteille de 75 Cl.19.33 € / L (prix E.Leclerc)	https://www.macave.leclerc/media/catalog/product/cache/1/image/9df78eab33525d08d6e5fb8d27136e95/c/h/chateau_haut_peyrous_atypique_2012.jpg	
hecht-bannier-les-estanques-2016	lec		La bouteille de 75 Cl.	6.50	-	https://www.macave.leclerc/hecht-bannier-les-estanques-2016		Languedoc-Roussillon- Vin Rouge	AOC Corbières	2016	Languedoc-Roussillon- Vin Rouge	La bouteille de 75 Cl.8.67 € / L (prix E.Leclerc)	https://www.macave.leclerc/media/catalog/product/cache/1/image/9df78eab33525d08d6e5fb8d27136e95/h/e/hecht___bannier_les_estanques_2016.jpg	
domaine-philippe-bernard-2016	lec		La bouteille de 75 Cl.	8.65	-	https://www.macave.leclerc/domaine-philippe-bernard-2016		Rhône- Vin Rouge	AOC Vacqueyras	2016	Rhône- Vin Rouge	La bouteille de 75 Cl.11.53 € / L (prix E.Leclerc)	https://www.macave.leclerc/media/catalog/product/cache/1/image/9df78eab33525d08d6e5fb8d27136e95/d/o/domaine_philippe_bernard_2016.jpg	
domaine-f-engel-g-vt-2015	lec		La bouteille de 50 Cl.	14.90 12.67	-	https://www.macave.leclerc/domaine-f-engel-g-vt-2015		Alsace- Vin Blanc Moelleux	AOC Alsace Gewurztraminer	2015	Alsace- Vin Blanc Moelleux	La bouteille de 50 Cl.25.34 € / L (prix E.Leclerc)	https://www.macave.leclerc/media/catalog/product/cache/1/image/9df78eab33525d08d6e5fb8d27136e95/c/1/c1235_adivis_-_gewurztraminner_dommaine_f_engel_vendanges_tardives_2015_1.jpg	
domaine-la-negly-silicia-blanc-3850	lec		La bouteille de 75 Cl.	4.50	-	https://www.macave.leclerc/domaine-la-negly-silicia-blanc-3850		Languedoc-Roussillon- Vin Blanc	IGP Pays d'Oc	2015	Languedoc-Roussillon- Vin Blanc	La bouteille de 75 Cl.6 € / L (prix E.Leclerc)	https://www.macave.leclerc/media/catalog/product/cache/1/image/9df78eab33525d08d6e5fb8d27136e95/D/O/DOMAINE_LA_NEGLY_BLANC.jpg	
domaine-de-dionysos-cuvee-benjamin	lec		La bouteille de 75 Cl.	7.45	-	https://www.macave.leclerc/domaine-de-dionysos-cuvee-benjamin		Rhône- Vin Rouge	AOC Côtes du Rhône Villages Cairanne	2014	Rhône- Vin Rouge	La bouteille de 75 Cl.9.93 € / L (prix E.Leclerc)	https://www.macave.leclerc/media/catalog/product/cache/1/image/9df78eab33525d08d6e5fb8d27136e95/d/o/domaine-de-dionysos---visuel-bouteille.jpg	
canard-duchene-parcelle-181	lec		La bouteille de 75 Cl.	24.50	-	https://www.macave.leclerc/canard-duchene-parcelle-181		Champagne- Champagne Brut		#	Champagne- Champagne Brut	La bouteille de 75 Cl.32.67 € / L (prix E.Leclerc)	https://www.macave.leclerc/media/catalog/product/cache/1/image/9df78eab33525d08d6e5fb8d27136e95/c/a/canard-duch_ne-bio-parcelle-181.jpg	
la-joly-2012	lec		La bouteille de 75 Cl.	15.50	-	https://www.macave.leclerc/la-joly-2012		Bordeaux- Vin Rouge	AOC Bordeaux Supérieur	2012	Bordeaux- Vin Rouge	La bouteille de 75 Cl.20.67 € / L (prix E.Leclerc)	https://www.macave.leclerc/media/catalog/product/cache/1/image/9df78eab33525d08d6e5fb8d27136e95/l/a/la-joly.jpg	
domaine-les-pierres-fendues	lec		La bouteille de 75 Cl.	8.50	-	https://www.macave.leclerc/domaine-les-pierres-fendues		Languedoc-Roussillon- Vin Rouge	AOP Côtes du Roussillon	2015	Languedoc-Roussillon- Vin Rouge	La bouteille de 75 Cl.11.33 € / L (prix E.Leclerc)	https://www.macave.leclerc/media/catalog/product/cache/1/image/9df78eab33525d08d6e5fb8d27136e95/d/o/domaine-les-pierres-fendues---bouteille.jpg	
jaillance-cuvee-excellence	lec		La bouteille de 75 Cl.	6.20	-	https://www.macave.leclerc/jaillance-cuvee-excellence		Rhône- Effervescent	AOC Clairette de Die	#	Rhône- Effervescent	La bouteille de 75 Cl.8.27 € / L (prix E.Leclerc)	https://www.macave.leclerc/media/catalog/product/cache/1/image/9df78eab33525d08d6e5fb8d27136e95/j/a/jaillance-cuv_e-excellence---bouteille.jpg	
pierre-launay-rose	lec		La bouteille de 75 Cl.	18.50	-	https://www.macave.leclerc/pierre-launay-rose		Champagne- Champagne Rosé		#	Champagne- Champagne Rosé	La bouteille de 75 Cl.24.67 € / L (prix E.Leclerc)	https://www.macave.leclerc/media/catalog/product/cache/1/image/9df78eab33525d08d6e5fb8d27136e95/P/I/PIERRE_LAUNAY_ROSE.jpg	
domaine-sylvain-gaudron-2009	lec		La bouteille de 75 Cl.	9.50	-	https://www.macave.leclerc/domaine-sylvain-gaudron-2009		Loire- Effervescent Brut	AOC Vouvray	2009	Loire- Effervescent Brut	La bouteille de 75 Cl.12.67 € / L (prix E.Leclerc)	https://www.macave.leclerc/media/catalog/product/cache/1/image/9df78eab33525d08d6e5fb8d27136e95/d/o/domaine_sylvain_gaudron_symphonie_triple_zero_1.jpg	
pierre-launay-tradition-demi-sec	lec		La bouteille de 75 Cl.	16.70	-	https://www.macave.leclerc/pierre-launay-tradition-demi-sec		Champagne- Champagne Demi-Sec		#	Champagne- Champagne Demi-Sec	La bouteille de 75 Cl.22.27 € / L (prix E.Leclerc)	https://www.macave.leclerc/media/catalog/product/cache/1/image/9df78eab33525d08d6e5fb8d27136e95/P/I/PIERRE_LAUNAY_TRADITION_DEMI_SEC.jpg	
romain-duvernay-domaine-des-pentelines-2016	lec		La bouteille de 75 Cl.	4.50	-	https://www.macave.leclerc/romain-duvernay-domaine-des-pentelines-2016		Rhône- Vin Rouge	AOC Côtes du Rhône Villages	2016	Rhône- Vin Rouge	La bouteille de 75 Cl.6 € / L (prix E.Leclerc)	https://www.macave.leclerc/media/catalog/product/cache/1/image/9df78eab33525d08d6e5fb8d27136e95/d/o/domaine_des_pentelines_2016.jpg	
hommage-du-rhone	lec		La bouteille de 75 Cl.	11.50	-	https://www.macave.leclerc/hommage-du-rhone		Rhône- Vin Rouge	AOC Vacqueyras	2016	Rhône- Vin Rouge	La bouteille de 75 Cl.15.33 € / L (prix E.Leclerc)	https://www.macave.leclerc/media/catalog/product/cache/1/image/9df78eab33525d08d6e5fb8d27136e95/H/O/HOMMAGE_DU_RHONE_2016.jpg	
domaine-de-fontavin-terres-d-ancetres	lec		La bouteille de 75 Cl.	19.50	-	https://www.macave.leclerc/domaine-de-fontavin-terres-d-ancetres		Rhône- Vin Rouge	AOC Châteauneuf-du-Pape	2015	Rhône- Vin Rouge	La bouteille de 75 Cl.26 € / L (prix E.Leclerc)	https://www.macave.leclerc/media/catalog/product/cache/1/image/9df78eab33525d08d6e5fb8d27136e95/D/o/DOMAINE_DE_FONTAVIN_2015.jpg	
domaine-des-frogeres-les-clos-forenes	lec		La bouteille de 75 Cl.	11.50	-	https://www.macave.leclerc/domaine-des-frogeres-les-clos-forenes		Loire- Vin Rouge	AOC Saumur Champigny	2015	Loire- Vin Rouge	La bouteille de 75 Cl.	https://www.macave.leclerc/media/catalog/product/cache/1/image/9df78eab33525d08d6e5fb8d27136e95/C/l/CLOS_FORENES_2015.jpg	
chateau-de-malleret-2015	lec		La bouteille de 75 Cl.	13.90	-	https://www.macave.leclerc/chateau-de-malleret-2015		Bordeaux- Vin Rouge	AOC Haut-Médoc	2015	Bordeaux- Vin Rouge	La bouteille de 75 Cl.18.53 € / L (prix E.Leclerc)	https://www.macave.leclerc/media/catalog/product/cache/1/image/9df78eab33525d08d6e5fb8d27136e95/C/H/CHATEAU_DE_MALLERET_1_1.jpg	
chateau-vermont-reserve-2016	lec		La bouteille de 75 Cl.	4.99	-	https://www.macave.leclerc/chateau-vermont-reserve-2016		Bordeaux- Vin Rouge	AOC Bordeaux Supérieur	2016	Bordeaux- Vin Rouge	La bouteille de 75 Cl.6.65 € / L (prix E.Leclerc)	https://www.macave.leclerc/media/catalog/product/cache/1/image/9df78eab33525d08d6e5fb8d27136e95/i/_/i_1213_terroir_traditions_et_crus_-_bordeaux_superieur__chateau_vermont__2016_1_.jpg	
la-rougeante-2016	lec		La bouteille de 75 Cl.	4.70	-	https://www.macave.leclerc/la-rougeante-2016		Languedoc-Roussillon- Vin Rouge	AOC Corbières	2016	Languedoc-Roussillon- Vin Rouge	La bouteille de 75 Cl.6.27 € / L (prix E.Leclerc)	https://www.macave.leclerc/media/catalog/product/cache/1/image/9df78eab33525d08d6e5fb8d27136e95/l/a/la_rougeante_2015_1.jpg	
chateau-rigaud-2015	lec		La bouteille de 75 Cl.	5.75	-	https://www.macave.leclerc/chateau-rigaud-2015		Languedoc-Roussillon- Vin Rouge	AOC Faugères	2015	Languedoc-Roussillon- Vin Rouge	La bouteille de 75 Cl.7.67 € / L (prix E.Leclerc)	https://www.macave.leclerc/media/catalog/product/cache/1/image/9df78eab33525d08d6e5fb8d27136e95/i/_/i_1206_select_vins_-_faugeres__chateau_rigaud__2015_1_.jpg	
la-croix-du-chateau-feret-lambert-2015	lec		La bouteille de 75 Cl.	6.50	-	https://www.macave.leclerc/la-croix-du-chateau-feret-lambert-2015		Bordeaux- Vin Rouge	AOC Bordeaux Supérieur	2015	Bordeaux- Vin Rouge	La bouteille de 75 Cl.8.67 € / L (prix E.Leclerc)	https://www.macave.leclerc/media/catalog/product/cache/1/image/9df78eab33525d08d6e5fb8d27136e95/i/_/i_1203_salin_-_bordeaux_superieur__la_croix_du_chateau_feret_lambert__2015_1_.jpg	
sebastien-roux-mercurey-2016	lec		La bouteille de 75 Cl.	14.90	-	https://www.macave.leclerc/sebastien-roux-mercurey-2016		Bourgogne- Vin Rouge	AOC Mercurey	2016	Bourgogne- Vin Rouge	La bouteille de 75 Cl.19.87 € / L (prix E.Leclerc)	https://www.macave.leclerc/media/catalog/product/cache/1/image/9df78eab33525d08d6e5fb8d27136e95/i/_/i_1199_roux_pere_et_fils_-_mercurey.jpg	
romain-duvernay-domaine-de-cabane-2016	lec		La bouteille de 75 Cl.	4.35	-	https://www.macave.leclerc/romain-duvernay-domaine-de-cabane-2016		Rhône- Vin Rouge	AOC Côtes du Rhône	2016	Rhône- Vin Rouge	La bouteille de 75 Cl.5.8 € / L (prix E.Leclerc)	https://www.macave.leclerc/media/catalog/product/cache/1/image/9df78eab33525d08d6e5fb8d27136e95/c/1/c1267_newrhone_millesimes_-_cotes_du_rhone_villages_s_guret__romain_duvernay__2016_1_.jpg	
romain-duvernay-beaumes-de-venise-2016	lec		La bouteille de 75 Cl.	6.65	-	https://www.macave.leclerc/romain-duvernay-beaumes-de-venise-2016		Rhône- Vin Rouge	AOC Beaumes de Venise	2016	Rhône- Vin Rouge	La bouteille de 75 Cl.8.87 € / L (prix E.Leclerc)	https://www.macave.leclerc/media/catalog/product/cache/1/image/9df78eab33525d08d6e5fb8d27136e95/i/_/i_1169_newrhone_millesimes__-_beaumes_de_venise__romain_duvernay__2016_1_.jpg	
domaine-de-la-perruche-le-chaumont-2016	lec		La bouteille de 75 Cl.	7.65	-	https://www.macave.leclerc/domaine-de-la-perruche-le-chaumont-2016		Loire- Vin Rouge	AOC Saumur Champigny	2016	Loire- Vin Rouge	La bouteille de 75 Cl.10.2 € / L (prix E.Leclerc)	https://www.macave.leclerc/media/catalog/product/cache/1/image/9df78eab33525d08d6e5fb8d27136e95/i/_/i_1167_meilleurs_terroirs_-_saumur_champigny__domaine_de_la_perruche_chaumont__2016_1_.jpg	
chateau-de-malvies-cuvee-terroir-2016	lec		La bouteille de 75 Cl.	5.40	-	https://www.macave.leclerc/chateau-de-malvies-cuvee-terroir-2016		Languedoc-Roussillon- Vin Rouge	AOC Malepère	2016	Languedoc-Roussillon- Vin Rouge	La bouteille de 75 Cl.7.2 € / L (prix E.Leclerc)	https://www.macave.leclerc/media/catalog/product/cache/1/image/9df78eab33525d08d6e5fb8d27136e95/i/_/i_1156_marc_besseau_-_malep_re__ch_teau_malvi_s__2016_1_.jpg	
domaine-des-tournons-vieilles-vignes-2016	lec		La bouteille de 75 Cl.	7.65	-	https://www.macave.leclerc/domaine-des-tournons-vieilles-vignes-2016		Bourgogne- Vin Blanc	AOP Mâcon Villages	2016	Bourgogne- Vin Blanc	La bouteille de 75 Cl.10.2 € / L (prix E.Leclerc)	https://www.macave.leclerc/media/catalog/product/cache/1/image/9df78eab33525d08d6e5fb8d27136e95/i/_/i_1153_marc_besseau_-_m_con_villages__domaine_des_tournons_vieilles_vignes__2016_1_.jpg	
arnaud-aucoeur-vieilles-vignes-2016	lec		La bouteille de 75 Cl.	6.95	-	https://www.macave.leclerc/arnaud-aucoeur-vieilles-vignes-2016		Beaujolais- Vin Rouge	AOC Morgon	2016	Beaujolais- Vin Rouge	La bouteille de 75 Cl.9.27 € / L (prix E.Leclerc)	https://www.macave.leclerc/media/catalog/product/cache/1/image/9df78eab33525d08d6e5fb8d27136e95/a/r/arnaud_aucoeur_vieilles_vignes_2.jpg	
marc-rougeot-dupin-dames-huguettes-2015	lec		La bouteille de 75 Cl.	11.95	-	https://www.macave.leclerc/marc-rougeot-dupin-dames-huguettes-2015		Bourgogne- Vin Rouge	AOC Bourgogne Hautes-Côtes de Nuits	2015	Bourgogne- Vin Rouge	La bouteille de 75 Cl.15.93 € / L (prix E.Leclerc)	https://www.macave.leclerc/media/catalog/product/cache/1/image/9df78eab33525d08d6e5fb8d27136e95/m/a/MARC_ROUGEOT_DUPIN_VILLAGE_1.jpg	
romain-duvernay-cairanne-2016	lec		La bouteille de 75 Cl.	5.95	-	https://www.macave.leclerc/romain-duvernay-cairanne-2016		Rhône- Vin Rouge	AOC Cairanne	2016	Rhône- Vin Rouge	La bouteille de 75 Cl.7.93 € / L (prix E.Leclerc)	https://www.macave.leclerc/media/catalog/product/cache/1/image/9df78eab33525d08d6e5fb8d27136e95/r/o/romain-duvernay-cdr-villages-cairanne-2016.jpg	
domaine-matray-les-terres-bleues-2016	lec		La bouteille de 75 Cl.	6.90	-	https://www.macave.leclerc/domaine-matray-les-terres-bleues-2016		Beaujolais- Vin Rouge	AOC Côte de Brouilly	2016	Beaujolais- Vin Rouge	La bouteille de 75 Cl.9.2 € / L (prix E.Leclerc)	https://www.macave.leclerc/media/catalog/product/cache/1/image/9df78eab33525d08d6e5fb8d27136e95/i/_/i_1148_marc_besseau_-_c_tes_de_brouilly__domaine_matray_les_terres_bleues__2016_1_.jpg	
chateau-la-reyne-grande-reserve-2014	lec		La bouteille de 75 Cl.	6.50	-	https://www.macave.leclerc/chateau-la-reyne-grande-reserve-2014		Sud-Ouest- Vin Rouge	AOC Cahors	2014	Sud-Ouest- Vin Rouge	La bouteille de 75 Cl.8.67 € / L (prix E.Leclerc)	https://www.macave.leclerc/media/catalog/product/cache/1/image/9df78eab33525d08d6e5fb8d27136e95/C/H/CHATEAU_LA_REYNE_2014.jpg	
romain-duvernay-2015	lec		La bouteille de 75 Cl.	6.50	-	https://www.macave.leclerc/romain-duvernay-2015		Rhône- Vin Rouge	AOC Côtes du Rhône Villages	2015	Rhône- Vin Rouge	La bouteille de 75 Cl.8.67 € / L (prix E.Leclerc)	https://www.macave.leclerc/media/catalog/product/cache/1/image/9df78eab33525d08d6e5fb8d27136e95/c/d/cdrv_romain_duvernay_2015.jpg	
chateau-d-aurilhac	lec		La bouteille de 75 Cl.	11.30	-	https://www.macave.leclerc/chateau-d-aurilhac		Bordeaux- Vin Rouge	AOC Haut-Médoc	2012	Bordeaux- Vin Rouge	La bouteille de 75 Cl.15.07 € / L (prix E.Leclerc)	https://www.macave.leclerc/media/catalog/product/cache/1/image/9df78eab33525d08d6e5fb8d27136e95/C/H/CHATEAU_AURILHAC_2012.jpg	
chateau-belgrave-2011	lec		La bouteille de 75 Cl.	30.95	-	https://www.macave.leclerc/chateau-belgrave-2011		Bordeaux- Vin Rouge	AOC Haut-Médoc	2011	Bordeaux- Vin Rouge	La bouteille de 75 Cl.41.27 € / L (prix E.Leclerc)	https://www.macave.leclerc/media/catalog/product/cache/1/image/9df78eab33525d08d6e5fb8d27136e95/C/H/CHATEAU_BELGRAVE.jpg	
le-haut-medoc-de-pedesclaux-2009	lec		La bouteille de 75 Cl.	15.50	-	https://www.macave.leclerc/le-haut-medoc-de-pedesclaux-2009		Bordeaux- Vin Rouge	AOC Haut-Médoc	2009	Bordeaux- Vin Rouge	La bouteille de 75 Cl.20.67 € / L (prix E.Leclerc)	https://www.macave.leclerc/media/catalog/product/cache/1/image/9df78eab33525d08d6e5fb8d27136e95/H/A/HAUT_MEDOC_DE_PEDESCLAUX_1.jpg	
chateau-fontenil	lec		La bouteille de 75 Cl.	19.50	-	https://www.macave.leclerc/chateau-fontenil		Bordeaux- Vin Rouge	AOC Fronsac	2011	Bordeaux- Vin Rouge	La bouteille de 75 Cl.26 € / L (prix E.Leclerc)	https://www.macave.leclerc/media/catalog/product/cache/1/image/9df78eab33525d08d6e5fb8d27136e95/C/H/CHATEAU_FONTENIL.jpg	
chateau-guibonnet-2015	lec		La bouteille de 75 Cl.	5.30	-	https://www.macave.leclerc/chateau-guibonnet-2015		Bordeaux- Vin Rouge	AOC Côtes de Bourg	2015	Bordeaux- Vin Rouge	La bouteille de 75 Cl.7.07 € / L (prix E.Leclerc)	https://www.macave.leclerc/media/catalog/product/cache/1/image/9df78eab33525d08d6e5fb8d27136e95/C/H/CHATEAU_GUIBONNET.jpg	
chateau-plaisance-cuvee-alix	lec		La bouteille de 75 Cl.	10.90	-	https://www.macave.leclerc/chateau-plaisance-cuvee-alix		Bordeaux- Vin Rouge	AOC Premières Côtes de Bordeaux	2012	Bordeaux- Vin Rouge	La bouteille de 75 Cl.14.53 € / L (prix E.Leclerc)	https://www.macave.leclerc/media/catalog/product/cache/1/image/9df78eab33525d08d6e5fb8d27136e95/C/H/CHATEAU_PLAISANCE_2012.jpg	
chateau-les-eyraux-2014	lec		La bouteille de 75 Cl.	5.50	-	https://www.macave.leclerc/chateau-les-eyraux-2014		Bordeaux- Vin Rouge	AOC Bordeaux Supérieur	2014	Bordeaux- Vin Rouge	La bouteille de 75 Cl.7.33 € / L (prix E.Leclerc)	https://www.macave.leclerc/media/catalog/product/cache/1/image/9df78eab33525d08d6e5fb8d27136e95/C/H/CHATEAU_LES_EYRAUX_2014.jpg	
les-lions-de-petit-boyer	lec		Le Bag in Box de 300 Cl.	11.50	-	https://www.macave.leclerc/les-lions-de-petit-boyer		Bordeaux- Vin Rouge	AOC Blaye Côtes de Bordeaux	2015	Bordeaux- Vin Rouge	Le Bag in Box de 300 Cl.3.83 € / L (prix E.Leclerc)	https://www.macave.leclerc/media/catalog/product/cache/1/image/9df78eab33525d08d6e5fb8d27136e95/l/e/les_lions_chateau_petit_boyer_bib.jpg	
chateau-calet	lec		La bouteille de 75 Cl.	5.90	-	https://www.macave.leclerc/chateau-calet		Bordeaux- Vin Rouge	AOC Blaye Côtes de Bordeaux	2009	Bordeaux- Vin Rouge	La bouteille de 75 Cl.7.87 € / L (prix E.Leclerc)	https://www.macave.leclerc/media/catalog/product/cache/1/image/9df78eab33525d08d6e5fb8d27136e95/C/H/CHATEAU_CALET_2009.jpg	
chateau-le-grand-fort	lec		La bouteille de 75 Cl.	3.50	-	https://www.macave.leclerc/chateau-le-grand-fort		Bordeaux- Vin Rouge	AOC Blaye Côtes de Bordeaux	2015	Bordeaux- Vin Rouge	La bouteille de 75 Cl.4.67 € / L (prix E.Leclerc)	https://www.macave.leclerc/media/catalog/product/cache/1/image/9df78eab33525d08d6e5fb8d27136e95/C/H/CHATEAU_LE_GRAND_FORT_2015.jpg	
chateau-haut-bommes	lec		La bouteille de 75 Cl.	19.90	-	https://www.macave.leclerc/chateau-haut-bommes		Bordeaux- Vin Blanc Moelleux	AOC Sauternes	2009	Bordeaux- Vin Blanc Moelleux	La bouteille de 75 Cl.26.53 € / L (prix E.Leclerc)	https://www.macave.leclerc/media/catalog/product/cache/1/image/9df78eab33525d08d6e5fb8d27136e95/C/H/CHATEAU_HAUT_BOMMES_2009.jpg	
thomas-collonge	lec		La bouteille de 75 Cl.	15.50	-	https://www.macave.leclerc/thomas-collonge		Beaujolais- Vin Rouge	AOC Morgon	2015	Beaujolais- Vin Rouge	La bouteille de 75 Cl.20.67 € / L (prix E.Leclerc)	https://www.macave.leclerc/media/catalog/product/cache/1/image/9df78eab33525d08d6e5fb8d27136e95/T/H/THOMAS_COLLONGE_MORGON.jpg	
les-comtes-de-ribeauville-riesling-2016	lec		La bouteille de 75 Cl.	6.88 5.50	-	https://www.macave.leclerc/les-comtes-de-ribeauville-riesling-2016		Alsace- Vin Blanc	AOC Alsace Riesling	2016	Alsace- Vin Blanc	La bouteille de 75 Cl.7.33 € / L (prix E.Leclerc)	https://www.macave.leclerc/media/catalog/product/cache/1/image/9df78eab33525d08d6e5fb8d27136e95/L/E/LES_COMTES_DE_RIBEAUVILLE_RISELING.jpg	
domaine-f-engel-2013	lec		La bouteille de 75 Cl.	16.90 14.37	-	https://www.macave.leclerc/domaine-f-engel-2013		Alsace- Vin Blanc	AOC Alsace Pinot Gris	2013	Alsace- Vin Blanc	La bouteille de 75 Cl.19.16 € / L (prix E.Leclerc)	https://www.macave.leclerc/media/catalog/product/cache/1/image/9df78eab33525d08d6e5fb8d27136e95/d/o/domaine_f_engel.jpg	
cave-du-roi-dagobert-pinot-gris-2015	lec		La bouteille de 75 Cl.	6.50 5.53	-	https://www.macave.leclerc/cave-du-roi-dagobert-pinot-gris-2015		Alsace- Vin Blanc	AOC Alsace Pinot Gris	2015	Alsace- Vin Blanc	La bouteille de 75 Cl.7.37 € / L (prix E.Leclerc)	https://www.macave.leclerc/media/catalog/product/cache/1/image/9df78eab33525d08d6e5fb8d27136e95/C/A/CAVE_DU_ROI_DAGOBERT.jpg	
les-comtes-de-ribeauville-blanc-moelleux-2016	lec		La bouteille de 75 Cl.	7.90 6.72	-	https://www.macave.leclerc/les-comtes-de-ribeauville-blanc-moelleux-2016		Alsace- Vin Blanc Moelleux	AOC Alsace Gewurztraminer	2016	Alsace- Vin Blanc Moelleux	La bouteille de 75 Cl.8.96 € / L (prix E.Leclerc)	https://www.macave.leclerc/media/catalog/product/cache/1/image/9df78eab33525d08d6e5fb8d27136e95/L/E/LES_COMTES_DE_RIBEAUVILLE_GEWURZTRAMINER.jpg	
chateau-baret-2015	lec		La bouteille de 75 Cl.	14.60	-	https://www.macave.leclerc/chateau-baret-2015		Bordeaux- Vin Rouge	AOC Pessac-Léognan	2015	Bordeaux- Vin Rouge	La bouteille de 75 Cl.19.47 € / L (prix E.Leclerc)	https://www.macave.leclerc/media/catalog/product/cache/1/image/9df78eab33525d08d6e5fb8d27136e95/c/h/chateau_baret_2015.jpg	
hedo	lec		La bouteille de 75 Cl.	6.30	-	https://www.macave.leclerc/hedo		Languedoc-Roussillon- Vin Rosé	AOC Corbières	2015	Languedoc-Roussillon- Vin Rosé	La bouteille de 75 Cl.8.4 € / L (prix E.Leclerc)	https://www.macave.leclerc/media/catalog/product/cache/1/image/9df78eab33525d08d6e5fb8d27136e95/H/E/HEDO_ROSE.jpg	
lanson-ivory-label	lec		La bouteille de 75 Cl.	23.50	-	https://www.macave.leclerc/lanson-ivory-label		Champagne- Champagne Demi-Sec		#	Champagne- Champagne Demi-Sec	La bouteille de 75 Cl.31.33 € / L (prix E.Leclerc)	https://www.macave.leclerc/media/catalog/product/cache/1/image/9df78eab33525d08d6e5fb8d27136e95/l/a/lanson-ivory---bouteille.jpg	
aguila-demi-sec	lec		La bouteille de 75 Cl.	5.95	-	https://www.macave.leclerc/aguila-demi-sec		Languedoc-Roussillon- Vin Rosé	AOC Crémant de Limoux	#	Languedoc-Roussillon- Vin Rosé	La bouteille de 75 Cl.7.93 € / L (prix E.Leclerc)	https://www.macave.leclerc/media/catalog/product/cache/1/image/9df78eab33525d08d6e5fb8d27136e95/a/g/aguila-ros_---bouteille_1.jpg	
nicolas-feuillatte-grande-reserve-magnum	lec		Le magnum de 150 Cl.	49.50	-	https://www.macave.leclerc/nicolas-feuillatte-grande-reserve-magnum		Champagne- Effervescent Brut		#	Champagne- Effervescent Brut	Le magnum de 150 Cl.33 € / L (prix E.Leclerc)	https://www.macave.leclerc/media/catalog/product/cache/1/image/9df78eab33525d08d6e5fb8d27136e95/n/i/nicolas-feuillatte-grande-r_serve---magnum.jpg	
g-h-mumm-le-rose	lec		La bouteille de 75 Cl.	33.95	-	https://www.macave.leclerc/g-h-mumm-le-rose		Champagne- Champagne Rosé		#	Champagne- Champagne Rosé	La bouteille de 75 Cl.45.27 € / L (prix E.Leclerc)	https://www.macave.leclerc/media/catalog/product/cache/1/image/9df78eab33525d08d6e5fb8d27136e95/m/u/mumm-ros_---bouteille.jpg	
chateau-pape-clement-3663515983923	lec		La bouteille de 75 Cl.	87.95	-	https://www.macave.leclerc/chateau-pape-clement-3663515983923		Bordeaux- Vin Rouge	AOC Pessac-Léognan	2012	Bordeaux- Vin Rouge	La bouteille de 75 Cl.117.27 € / L (prix E.Leclerc)	https://www.macave.leclerc/media/catalog/product/cache/1/image/9df78eab33525d08d6e5fb8d27136e95/c/h/chateau_pape_clement_-_2012_1.jpg	
les-lions-du-chateau-petit-boyer-3971	lec		La bouteille de 75 Cl.	4.60	-	https://www.macave.leclerc/les-lions-du-chateau-petit-boyer-3971		Bordeaux- Vin Rouge	AOC Blaye Côtes de Bordeaux	2015	Bordeaux- Vin Rouge	La bouteille de 75 Cl.6.13 € / L (prix E.Leclerc)	https://www.macave.leclerc/media/catalog/product/cache/1/image/9df78eab33525d08d6e5fb8d27136e95/l/e/les_lions.jpg	
domaine-martin-robert-et-damien	lec		La bouteille de 75 Cl.	10.00	-	https://www.macave.leclerc/domaine-martin-robert-et-damien		Bourgogne- Vin Blanc	AOC Saint-Véran	2015	Bourgogne- Vin Blanc	La bouteille de 75 Cl.13.33 € / L (prix E.Leclerc)	https://www.macave.leclerc/media/catalog/product/cache/1/image/9df78eab33525d08d6e5fb8d27136e95/D/o/DOMAINE_MARTIN_ROBERT_SAINT_VERAN.jpg	
domaine-de-mauperthuis-petit-chablis	lec		La bouteille de 75 Cl.	9.30	-	https://www.macave.leclerc/domaine-de-mauperthuis-petit-chablis		Bourgogne- Vin Blanc	AOC Petit Chablis	2015	Bourgogne- Vin Blanc	La bouteille de 75 Cl.12.4 € / L (prix E.Leclerc)	https://www.macave.leclerc/media/catalog/product/cache/1/image/9df78eab33525d08d6e5fb8d27136e95/D/o/DOMAINE_MAUPERTHUIS_PETIT_CHABLIS.jpg	
pierre-brisset-les-noirots	lec		La bouteille de 75 Cl.	75.00	-	https://www.macave.leclerc/pierre-brisset-les-noirots		Bourgogne- Vin Rouge	AOC Chambolle-Musigny 1er Cru	2015	Bourgogne- Vin Rouge	La bouteille de 75 Cl.100 € / L (prix E.Leclerc)	https://www.macave.leclerc/media/catalog/product/cache/1/image/9df78eab33525d08d6e5fb8d27136e95/p/i/pierre-brisset---les-noirots-2015-bouteille.jpg	
cave-du-roi-dagobert-racines-2016	lec		La bouteille de 75 Cl.	5.75 4.89	-	https://www.macave.leclerc/cave-du-roi-dagobert-racines-2016		Alsace- Vin Blanc	AOC Alsace Riesling	2016	Alsace- Vin Blanc	La bouteille de 75 Cl.6.52 € / L (prix E.Leclerc)	https://www.macave.leclerc/media/catalog/product/cache/1/image/9df78eab33525d08d6e5fb8d27136e95/c/a/cave_du_rois_dagobert_1.jpg	
hubert-rouqille-2016	lec		La bouteille de 75 Cl.	9.50 7.92	-	https://www.macave.leclerc/hubert-rouqille-2016		Savoie- Vin Blanc	AOC Roussette de Savoie	2016	Savoie- Vin Blanc	La bouteille de 75 Cl.Soit 47.52€ le carton 6x75 Cl10.56 € / L (prix E.Leclerc)	https://www.macave.leclerc/media/catalog/product/cache/1/image/9df78eab33525d08d6e5fb8d27136e95/m/a/marestel-hubert-rouquille---visuel-bouteille.jpg	
le-haras-de-maison-laffitte	lec		La bouteille de 75 Cl.	9.50 7.60	-	https://www.macave.leclerc/le-haras-de-maison-laffitte		Bordeaux- Vin Rouge	AOC Haut-Médoc	2011	Bordeaux- Vin Rouge	La bouteille de 75 Cl.Soit 45.6€ le carton 6x75 Cl10.13 € / L (prix E.Leclerc)	https://www.macave.leclerc/media/catalog/product/cache/1/image/9df78eab33525d08d6e5fb8d27136e95/l/e/le-haras-de-maisons-laffitte-2012---bouteille.jpg	
vignerons-des-terroirs-de-savoie-apremont	lec		La bouteille de 75 Cl.	5.50 4.58	-	https://www.macave.leclerc/vignerons-des-terroirs-de-savoie-apremont		Savoie- Vin Blanc	AOP Savoie	2016	Savoie- Vin Blanc	La bouteille de 75 Cl.Soit 27.48€ le carton 6x75 Cl6.11 € / L (prix E.Leclerc)	https://www.macave.leclerc/media/catalog/product/cache/1/image/9df78eab33525d08d6e5fb8d27136e95/v/i/vignerons-des-terroirs-de-savoie-apremont---visuel-bouteille.jpg	
filliatreau-les-bouts-de-vincent-2015	lec		La bouteille de 75 Cl.	6.50	-	https://www.macave.leclerc/filliatreau-les-bouts-de-vincent-2015		Loire- Vin Rouge	AOC Saumur Champigny	2015	Loire- Vin Rouge	La bouteille de 75 Cl.8.67 € / L (prix E.Leclerc)	https://www.macave.leclerc/media/catalog/product/cache/1/image/9df78eab33525d08d6e5fb8d27136e95/D/O/DOMAINE_FILLIATREAU.jpg	
chateau-perenne	lec		La bouteille de 75 Cl.	10.50	-	https://www.macave.leclerc/chateau-perenne		Bordeaux- Vin Rouge	AOC Blaye Côtes de Bordeaux	2014	Bordeaux- Vin Rouge	La bouteille de 75 Cl.14 € / L (prix E.Leclerc)	https://www.macave.leclerc/media/catalog/product/cache/1/image/9df78eab33525d08d6e5fb8d27136e95/C/H/CHATEAU_PERENNE_2014.jpg	
chateau-rauzan-despagne-reserve-2014	lec		La bouteille de 75 Cl.	6.95	-	https://www.macave.leclerc/chateau-rauzan-despagne-reserve-2014		Bordeaux- Vin Rouge	AOC Bordeaux	2014	Bordeaux- Vin Rouge	La bouteille de 75 Cl.9.27 € / L (prix E.Leclerc)	https://www.macave.leclerc/media/catalog/product/cache/1/image/9df78eab33525d08d6e5fb8d27136e95/C/H/CHATEAU_RAUZAN_DESPAGNE_RESERVE_ROUGE.jpg	
chateau-de-camensac-2012	lec		La bouteille de 75 Cl.	22.95	-	https://www.macave.leclerc/chateau-de-camensac-2012		Bordeaux- Vin Rouge	AOC Haut-Médoc	2012	Bordeaux- Vin Rouge	La bouteille de 75 Cl.30.6 € / L (prix E.Leclerc)	https://www.macave.leclerc/media/catalog/product/cache/1/image/9df78eab33525d08d6e5fb8d27136e95/c/h/chateau_de_camensac_-_2012_1.jpg	
diplomatico-reserva-exclusiva	lec		La bouteille                                                              de 70 Cl.	37.90	-	https://www.macave.leclerc/diplomatico-reserva-exclusiva		Rhum	#	#	Rhum	La bouteille                                                              de 70 Cl.54.14 € /                      L (prix E.Leclerc)	https://www.macave.leclerc/media/catalog/product/cache/1/image/9df78eab33525d08d6e5fb8d27136e95/d/i/diplomatico-reserva-exclusiva-70cl.jpg	
glenfiddich-15-ans	lec		La bouteille                                                              de 70 Cl.	30.95	-	https://www.macave.leclerc/glenfiddich-15-ans		Whisky	#	#	Whisky	La bouteille                                                              de 70 Cl.44.21 € /                      L (prix E.Leclerc)	https://www.macave.leclerc/media/catalog/product/cache/1/image/9df78eab33525d08d6e5fb8d27136e95/r/e/ref-1280-glenfiddich-15ans-solera-70cl-_-coffret-cuivre-ri-15_.jpg	
the-deveron-10-ans	lec		La bouteille                                                              de 70 Cl.	22.50	-	https://www.macave.leclerc/the-deveron-10-ans		Whisky	#	#	Whisky	La bouteille                                                              de 70 Cl.32.14 € /                      L (prix E.Leclerc)	https://www.macave.leclerc/media/catalog/product/cache/1/image/9df78eab33525d08d6e5fb8d27136e95/r/e/ref_1245-the-deveron-10-ans-70cl---40_-_-coffret.jpg	
the-deveron-12-ans	lec		La bouteille                                                              de 70 Cl.	29.65	-	https://www.macave.leclerc/the-deveron-12-ans		Whisky	#	#	Whisky	La bouteille                                                              de 70 Cl.42.36 € /                      L (prix E.Leclerc)	https://www.macave.leclerc/media/catalog/product/cache/1/image/9df78eab33525d08d6e5fb8d27136e95/r/e/ref_1246-the-deveron-12-ans-70cl---40_.jpg	
william-lawsons-70cl	lec		La bouteille                                                              de 70 Cl.	11.65	-	https://www.macave.leclerc/william-lawsons-70cl		Whisky	#	#	Whisky	La bouteille                                                              de 70 Cl.16.64 € /                      L (prix E.Leclerc)	https://www.macave.leclerc/media/catalog/product/cache/1/image/9df78eab33525d08d6e5fb8d27136e95/r/e/ref_1244-william-lawson_s-70cl---40_---new-pack.jpg	
dewars-12-ans	lec		La bouteille                                                              de 70 Cl.	27.05	-	https://www.macave.leclerc/dewars-12-ans		Whisky	#	#	Whisky	La bouteille                                                              de 70 Cl.38.64 € /                      L (prix E.Leclerc)	https://www.macave.leclerc/media/catalog/product/cache/1/image/9df78eab33525d08d6e5fb8d27136e95/r/e/ref_1243-dewars_-12-ans-70cl-40_-_-canister---new-pack---1.jpg	
bacardi-8-ans	lec		La bouteille                                                              de 70 Cl.	23.30	-	https://www.macave.leclerc/bacardi-8-ans		Rhum	#	#	Rhum	La bouteille                                                              de 70 Cl.33.29 € /                      L (prix E.Leclerc)	https://www.macave.leclerc/media/catalog/product/cache/1/image/9df78eab33525d08d6e5fb8d27136e95/r/e/ref_1241-bacardi-8-a_os-70cl---40_-_--coffret.jpg	
tullamore-dew-phoenix	lec		La bouteille                                                              de 70 Cl.	40.00	-	https://www.macave.leclerc/tullamore-dew-phoenix		Whisky	#	#	Whisky	La bouteille                                                              de 70 Cl.57.14 € /                      L (prix E.Leclerc)	https://www.macave.leclerc/media/catalog/product/cache/1/image/9df78eab33525d08d6e5fb8d27136e95/r/e/ref-1532---tullamore-dew-phoenix.jpg	
glenfiddich-ipa-experiment	lec		La bouteille                                                              de 70 Cl.	42.90	-	https://www.macave.leclerc/glenfiddich-ipa-experiment		Whisky	#	#	Whisky	La bouteille                                                              de 70 Cl.61.29 € /                      L (prix E.Leclerc)	https://www.macave.leclerc/media/catalog/product/cache/1/image/9df78eab33525d08d6e5fb8d27136e95/r/e/ref-1281-glenfiddich-ipa-43_-70cl-_-_tui.jpg	
monkey-shoulder-70cl	lec		La bouteille                                                              de 70 Cl.	22.03	-	https://www.macave.leclerc/monkey-shoulder-70cl		Whisky	#	#	Whisky	La bouteille                                                              de 70 Cl.31.47 € /                      L (prix E.Leclerc)	https://www.macave.leclerc/media/catalog/product/cache/1/image/9df78eab33525d08d6e5fb8d27136e95/r/e/ref-1283-monkey-shoulder-black-cage-face.jpg	
the-famous-grouse-portwood	lec		La bouteille                                                              de 70 Cl.	19.95	-	https://www.macave.leclerc/the-famous-grouse-portwood		Whisky	#	#	Whisky	La bouteille                                                              de 70 Cl.28.5 € /                      L (prix E.Leclerc)	https://www.macave.leclerc/media/catalog/product/cache/1/image/9df78eab33525d08d6e5fb8d27136e95/r/e/ref-1530---5010314025304-tfg-portwood-70cl.jpg	
the-famous-grouse-smoky-black	lec		La bouteille                                                              de 70 Cl.	18.20	-	https://www.macave.leclerc/the-famous-grouse-smoky-black		Whisky	#	#	Whisky	La bouteille                                                              de 70 Cl.26 € /                      L (prix E.Leclerc)	https://www.macave.leclerc/media/catalog/product/cache/1/image/9df78eab33525d08d6e5fb8d27136e95/r/e/ref-1531---5010314302504-tfg-smoky-black-40_-70cl.jpg	
grants-family-reserve	lec		La bouteille                                                              de 100 Cl.	18.30	-	https://www.macave.leclerc/grants-family-reserve		Whisky	#	#	Whisky	La bouteille                                                              de 100 Cl.18.3 € /                      L (prix E.Leclerc)	https://www.macave.leclerc/media/catalog/product/cache/1/image/9df78eab33525d08d6e5fb8d27136e95/r/e/ref-1284---grants-fam-res-_-verre-40_-6x1l.jpg	
grants-signature	lec		La bouteille                                                              de 70 Cl.	14.05	-	https://www.macave.leclerc/grants-signature		Whisky	#	#	Whisky	La bouteille                                                              de 70 Cl.20.07 € /                      L (prix E.Leclerc)	https://www.macave.leclerc/media/catalog/product/cache/1/image/9df78eab33525d08d6e5fb8d27136e95/r/e/ref-1285---pack-fa-grants-signature-0.70l.jpg	
grants-smoky	lec		La bouteille                                                              de 70 Cl.	16.95	-	https://www.macave.leclerc/grants-smoky		Whisky	#	#	Whisky	La bouteille                                                              de 70 Cl.24.21 € /                      L (prix E.Leclerc)	https://www.macave.leclerc/media/catalog/product/cache/1/image/9df78eab33525d08d6e5fb8d27136e95/r/e/ref-1528---5010327605227-grant_s-smoky-70-cl_-40_.jpg	
monkey-shoulder-450cl	lec		La bouteille                                                              de 450 Cl.	195.00	-	https://www.macave.leclerc/monkey-shoulder-450cl		Whisky	#	#	Whisky	La bouteille                                                              de 450 Cl.43.33 € /                      L (prix E.Leclerc)	https://www.macave.leclerc/media/catalog/product/cache/1/image/9df78eab33525d08d6e5fb8d27136e95/r/e/ref-1529---monkey-shoulder-4.5l---125599---visuel-face-_2__1.jpg	
glenfiddich-12-ans	lec		La bouteille                                                              de 70 Cl.	22.82	-	https://www.macave.leclerc/glenfiddich-12-ans		Whisky	#	#	Whisky	La bouteille                                                              de 70 Cl.32.6 € /                      L (prix E.Leclerc)	https://www.macave.leclerc/media/catalog/product/cache/1/image/9df78eab33525d08d6e5fb8d27136e95/r/e/ref-1279--glenfiddich-special-reserve-12ans-40_-70cl.jpg	
aberfeldy-12-ans	lec		La bouteille                                                              de 70 Cl.	29.30	-	https://www.macave.leclerc/aberfeldy-12-ans		Whisky	#	#	Whisky	La bouteille                                                              de 70 Cl.41.86 € /                      L (prix E.Leclerc)	https://www.macave.leclerc/media/catalog/product/cache/1/image/9df78eab33525d08d6e5fb8d27136e95/r/e/ref_1242-aberfeldy-12-ans-70cl---40_-_-canister.jpg	
chateau-giscours-2011	lec		La bouteille de 75 Cl.	44.95	-	https://www.macave.leclerc/chateau-giscours-2011		Bordeaux- Vin Rouge	AOC Margaux	2011	Bordeaux- Vin Rouge	La bouteille de 75 Cl.59.93 € / L (prix E.Leclerc)	https://www.macave.leclerc/media/catalog/product/cache/1/image/9df78eab33525d08d6e5fb8d27136e95/c/h/chateau-giscours-1.jpg	
chateau-bertin-2015	lec		La bouteille de 75 Cl.	8.50	-	https://www.macave.leclerc/chateau-bertin-2015		Bordeaux- Vin Rouge	AOC Saint-Georges-Saint-Emilion	2015	Bordeaux- Vin Rouge	La bouteille de 75 Cl.11.33 € / L (prix E.Leclerc)	https://www.macave.leclerc/media/catalog/product/cache/1/image/9df78eab33525d08d6e5fb8d27136e95/C/H/CHATEAU_BERTIN_1_1.jpg	
chateau-pichon-longueville-baron-2011	lec		La bouteille de 75 Cl.	92.95	-	https://www.macave.leclerc/chateau-pichon-longueville-baron-2011		Bordeaux- Vin Rouge	AOC Pauillac	2011	Bordeaux- Vin Rouge	La bouteille de 75 Cl.123.93 € / L (prix E.Leclerc)	https://www.macave.leclerc/media/catalog/product/cache/1/image/9df78eab33525d08d6e5fb8d27136e95/p/i/pichon-baron-ss-mill.jpg	
chateau-olivier-2009	lec		La bouteille de 75 Cl.	34.95	-	https://www.macave.leclerc/chateau-olivier-2009		Bordeaux- Vin Rouge	AOC Pessac-Léognan	2009	Bordeaux- Vin Rouge	La bouteille de 75 Cl.46.6 € / L (prix E.Leclerc)	https://www.macave.leclerc/media/catalog/product/cache/1/image/9df78eab33525d08d6e5fb8d27136e95/v/i/visuel---chateau-olivier-2009.jpg	
chateau-pape-clement-2012	lec		La bouteille de 75 Cl.	87.95	-	https://www.macave.leclerc/chateau-pape-clement-2012		Bordeaux- Vin Rouge	AOC Pessac-Léognan	2012	Bordeaux- Vin Rouge	La bouteille de 75 Cl.117.27 € / L (prix E.Leclerc)	https://www.macave.leclerc/media/catalog/product/cache/1/image/9df78eab33525d08d6e5fb8d27136e95/c/h/chateau_pape_clement_-_2012_1.jpg	
chateau-la-dominique-2011	lec		La bouteille de 75 Cl.	39.50	-	https://www.macave.leclerc/chateau-la-dominique-2011		Bordeaux- Vin Rouge	AOC Saint-Emilion Grand Cru	2011	Bordeaux- Vin Rouge	La bouteille de 75 Cl.52.67 € / L (prix E.Leclerc)	https://www.macave.leclerc/media/catalog/product/cache/1/image/9df78eab33525d08d6e5fb8d27136e95/v/i/visuel---chateau-la-dominique-2011.jpg	
chateau-montrose-2012	lec		La bouteille de 75 Cl.	89.95	-	https://www.macave.leclerc/chateau-montrose-2012		Bordeaux- Vin Rouge	AOC Saint-Estèphe	2012	Bordeaux- Vin Rouge	La bouteille de 75 Cl.119.93 € / L (prix E.Leclerc)	https://www.macave.leclerc/media/catalog/product/cache/1/image/9df78eab33525d08d6e5fb8d27136e95/m/o/montrose-sans-mill.jpg	
chateau-leoville-poyferre-2011	lec		La bouteille de 75 Cl.	64.95	-	https://www.macave.leclerc/chateau-leoville-poyferre-2011		Bordeaux- Vin Rouge	AOC Saint-Julien	2011	Bordeaux- Vin Rouge	La bouteille de 75 Cl.86.6 € / L (prix E.Leclerc)	https://www.macave.leclerc/media/catalog/product/cache/1/image/9df78eab33525d08d6e5fb8d27136e95/v/i/visuel---chateau-leoville-poyferre-2011.jpg	
chateau-lagrange-2011	lec		La bouteille de 75 Cl.	32.95	-	https://www.macave.leclerc/chateau-lagrange-2011		Bordeaux- Vin Rouge	AOC Saint-Julien	2011	Bordeaux- Vin Rouge	La bouteille de 75 Cl.43.93 € / L (prix E.Leclerc)	https://www.macave.leclerc/media/catalog/product/cache/1/image/9df78eab33525d08d6e5fb8d27136e95/v/i/visuel---chateau-lagrange-sans-mill.jpg	
famille-brocard-chablis-premier-cru-2015	lec		La bouteille de 75 Cl.	24.75	-	https://www.macave.leclerc/famille-brocard-chablis-premier-cru-2015		Bourgogne- Vin Blanc	AOC Chablis 1er Cru	2015	Bourgogne- Vin Blanc	La bouteille de 75 Cl.33 € / L (prix E.Leclerc)	https://www.macave.leclerc/media/catalog/product/cache/1/image/9df78eab33525d08d6e5fb8d27136e95/f/a/famille_brochard_mont_milieu_2015.jpg	
chateau-de-rouquette-2013	lec		La bouteille de 75 Cl.	9.95	-	https://www.macave.leclerc/chateau-de-rouquette-2013		Bordeaux- Vin Blanc Moelleux	AOC Loupiac	2013	Bordeaux- Vin Blanc Moelleux	La bouteille de 75 Cl.13.27 € / L (prix E.Leclerc)	https://www.macave.leclerc/media/catalog/product/cache/1/image/9df78eab33525d08d6e5fb8d27136e95/c/h/chateau-de-rouquette-2013.jpg	
chateau-lynch-bages-2012	lec		La bouteille de 75 Cl.	95.95	-	https://www.macave.leclerc/chateau-lynch-bages-2012		Bordeaux- Vin Rouge	AOC Pauillac	2012	Bordeaux- Vin Rouge	La bouteille de 75 Cl.127.93 € / L (prix E.Leclerc)	https://www.macave.leclerc/media/catalog/product/cache/1/image/9df78eab33525d08d6e5fb8d27136e95/l/y/lynch-bages-ss-mill-comp.jpg	
domaine-des-ophrys-2016	lec		La bouteille de 75 Cl.	4.95 4.21	-	https://www.macave.leclerc/domaine-des-ophrys-2016		Savoie- Vin Blanc	AOP Savoie	2016	Savoie- Vin Blanc	La bouteille de 75 Cl.5.61 € / L (prix E.Leclerc)	https://www.macave.leclerc/media/catalog/product/cache/1/image/9df78eab33525d08d6e5fb8d27136e95/d/o/domaine-des-ophrys---bouteille.jpg	
apremont-tradition	lec		La bouteille de 75 Cl.	4.70 4.00	-	https://www.macave.leclerc/apremont-tradition		Savoie- Vin Blanc	AOP Savoie	2016	Savoie- Vin Blanc	La bouteille de 75 Cl.5.33 € / L (prix E.Leclerc)	https://www.macave.leclerc/media/catalog/product/cache/1/image/9df78eab33525d08d6e5fb8d27136e95/a/p/apremont-tradition---bouteille.jpg	
vmv-viognier-chardonnay	lec		La bouteille de 75 Cl.	4.80 3.84	-	https://www.macave.leclerc/vmv-viognier-chardonnay		Rhône- Vin Blanc	IGP Méditerrannée	2016	Rhône- Vin Blanc	La bouteille de 75 Cl.Soit 23.04€ le carton 6x75 Cl5.12 € / L (prix E.Leclerc)	https://www.macave.leclerc/media/catalog/product/cache/1/image/9df78eab33525d08d6e5fb8d27136e95/v/i/viognier-chardonnaybd.jpg	
vmv-viognier	lec		La bouteille de 75 Cl.	7.25 3.99	-	https://www.macave.leclerc/vmv-viognier		Rhône- Vin Blanc	IGP Méditerrannée	2016	Rhône- Vin Blanc	La bouteille de 75 Cl.Soit 23.94€ le carton 6x75 Cl5.32 € / L (prix E.Leclerc)	https://www.macave.leclerc/media/catalog/product/cache/1/image/9df78eab33525d08d6e5fb8d27136e95/v/i/viognier-gd.jpg	
chateau-haut-brion-2011	lec		La bouteille de 75 Cl.	495.00	-	https://www.macave.leclerc/chateau-haut-brion-2011		Bordeaux- Vin Rouge	AOC Pessac-Léognan	2011	Bordeaux- Vin Rouge	La bouteille de 75 Cl.660 € / L (prix E.Leclerc)	https://www.macave.leclerc/media/catalog/product/cache/1/image/9df78eab33525d08d6e5fb8d27136e95/v/i/visuel--chateau-haut-brion-2011.jpg	
vmv-elite	lec		La bouteille de 75 Cl.	8.50 4.68	-	https://www.macave.leclerc/vmv-elite		Rhône- Vin Rouge	AOC Ventoux	2014	Rhône- Vin Rouge	La bouteille de 75 Cl.Soit 28.08€ le carton 6x75 Cl6.24 € / L (prix E.Leclerc)	https://www.macave.leclerc/media/catalog/product/cache/1/image/9df78eab33525d08d6e5fb8d27136e95/v/m/vmv-elitebd.jpg	
dom-balaquere	lec		La bouteille de 75 Cl.	5.20 3.90	-	https://www.macave.leclerc/dom-balaquere		Rhône- Vin Rouge	AOC Ventoux	2014	Rhône- Vin Rouge	La bouteille de 75 Cl.Soit 23.4€ le carton 6x75 Cl5.2 € / L (prix E.Leclerc)	https://www.macave.leclerc/media/catalog/product/cache/1/image/9df78eab33525d08d6e5fb8d27136e95/d/b/db.jpg	
altitude-400	lec		La bouteille de 75 Cl.	5.20 3.90	-	https://www.macave.leclerc/altitude-400		Rhône- Vin Rouge	AOC Ventoux	2014	Rhône- Vin Rouge	La bouteille de 75 Cl.Soit 23.4€ le carton 6x75 Cl5.2 € / L (prix E.Leclerc)	https://www.macave.leclerc/media/catalog/product/cache/1/image/9df78eab33525d08d6e5fb8d27136e95/A/L/ALTITUDE_400_1.jpg	
wolfberger-pinot-gris-vieilles-vignes-2016	lec		La bouteille de 75 Cl.	5.95	-	https://www.macave.leclerc/wolfberger-pinot-gris-vieilles-vignes-2016		Alsace- Vin Blanc	AOC Alsace Pinot Gris	2016	Alsace- Vin Blanc	La bouteille de 75 Cl.7.93 € / L (prix E.Leclerc)	https://www.macave.leclerc/media/catalog/product/cache/1/image/9df78eab33525d08d6e5fb8d27136e95/w/o/wolberger_vieilles_vignes_2016.jpg	
joseph-beck-sylvaner-2016	lec		La bouteille de 75 Cl.	4.19 3.49	-	https://www.macave.leclerc/joseph-beck-sylvaner-2016		Alsace- Vin Blanc	AOC Alsace Sylvaner	2016	Alsace- Vin Blanc	La bouteille de 75 Cl.4.65 € / L (prix E.Leclerc)	https://www.macave.leclerc/media/catalog/product/cache/1/image/9df78eab33525d08d6e5fb8d27136e95/c/1/c1271_pgs_-_sylvaner__joseph_beck__2016_1_.jpg	
albert-schoech-pinot-noir-2016	lec		La bouteille de 75 Cl.	5.85 4.97	-	https://www.macave.leclerc/albert-schoech-pinot-noir-2016		Alsace- Vin Rouge	AOC Alsace Pinot Noir	2016	Alsace- Vin Rouge	La bouteille de 75 Cl.6.63 € / L (prix E.Leclerc)	https://www.macave.leclerc/media/catalog/product/cache/1/image/9df78eab33525d08d6e5fb8d27136e95/c/1/c1274_schoech_albert_-_alsace_pinot_noir.jpg	
wolfberger-pinot-gris-rangen-2013	lec		La bouteille de 75 Cl.	24.90 22.41	-	https://www.macave.leclerc/wolfberger-pinot-gris-rangen-2013		Alsace- Vin Blanc Moelleux	AOC Alsace Pinot Gris Grand Cru Rangen	2013	Alsace- Vin Blanc Moelleux	La bouteille de 75 Cl.29.88 € / L (prix E.Leclerc)	https://www.macave.leclerc/media/catalog/product/cache/1/image/9df78eab33525d08d6e5fb8d27136e95/c/1/c1284_wolberger_-_alsace_grand_cru_pinot_gris_rangen__wolberger__2016_1_.jpg	
arthur-metz-cuvee-1904	lec		La bouteille de 75 Cl.	8.50	-	https://www.macave.leclerc/arthur-metz-cuvee-1904		Alsace- Effervescent Brut	AOC Crémant d'Alsace	1904	Alsace- Effervescent Brut	La bouteille de 75 Cl.11.33 € / L (prix E.Leclerc)	https://www.macave.leclerc/media/catalog/product/cache/1/image/9df78eab33525d08d6e5fb8d27136e95/a/r/arthur-metz-cuv_e-1904---bouteille.jpg	
wolfberger-brut	lec		La bouteille de 75 Cl.	6.55	-	https://www.macave.leclerc/wolfberger-brut		Alsace- Effervescent Brut	AOC Crémant d'Alsace	#	Alsace- Effervescent Brut	La bouteille de 75 Cl.8.73 € / L (prix E.Leclerc)	https://www.macave.leclerc/media/catalog/product/cache/1/image/9df78eab33525d08d6e5fb8d27136e95/w/o/wolfberger-brut---bouteille.jpg	
wolfberger-demi-sec	lec		La bouteille de 75 Cl.	6.55	-	https://www.macave.leclerc/wolfberger-demi-sec		Alsace- Effervescent Demi-Sec	AOC Crémant d'Alsace	#	Alsace- Effervescent Demi-Sec	La bouteille de 75 Cl.8.73 € / L (prix E.Leclerc)	https://www.macave.leclerc/media/catalog/product/cache/1/image/9df78eab33525d08d6e5fb8d27136e95/w/o/wolfberger-demi-sec---bouteille.jpg	
wolfberger-le-millesime-2014	lec		La bouteille de 75 Cl.	8.50 7.65	-	https://www.macave.leclerc/wolfberger-le-millesime-2014		Alsace- Effervescent	AOC Crémant d'Alsace	2014	Alsace- Effervescent	La bouteille de 75 Cl.10.2 € / L (prix E.Leclerc)	https://www.macave.leclerc/media/catalog/product/cache/1/image/9df78eab33525d08d6e5fb8d27136e95/c/r/crement_wolfberger_le_millesime_2014.jpg	
georges-duboeuf-brouilly-2015	lec		La bouteille de 75 Cl.	8.99	-	https://www.macave.leclerc/georges-duboeuf-brouilly-2015		Beaujolais- Vin Rouge	AOC Brouilly	2015	Beaujolais- Vin Rouge	La bouteille de 75 Cl.11.99 € / L (prix E.Leclerc)	https://www.macave.leclerc/media/catalog/product/cache/1/image/9df78eab33525d08d6e5fb8d27136e95/b/r/brouilly-2015-grume-d_or-ma-cave-leclerc.jpg	
georges-duboeuf-montchoisy	lec		La bouteille de 75 Cl.	8.95	-	https://www.macave.leclerc/georges-duboeuf-montchoisy		Beaujolais- Vin Rouge	AOC Morgon	2015	Beaujolais- Vin Rouge	La bouteille de 75 Cl.11.93 € / L (prix E.Leclerc)	https://www.macave.leclerc/media/catalog/product/cache/1/image/9df78eab33525d08d6e5fb8d27136e95/m/o/morgon_montchoisy_2015.jpg	
georges-duboeuf-beaujolais-villages-primeur-2017	lec		La bouteille de 75 Cl.	6.35	-	https://www.macave.leclerc/georges-duboeuf-beaujolais-villages-primeur-2017		Beaujolais- Vin Rouge	AOC Beaujolais Villages	2017	Beaujolais- Vin Rouge	La bouteille de 75 Cl.8.47 € / L (prix E.Leclerc)	https://www.macave.leclerc/media/catalog/product/cache/1/image/9df78eab33525d08d6e5fb8d27136e95/g/e/georges-duboeuf---beaujolais-villages-nouveau-2017_1.jpg	
domaine-combe-darroux	lec		La bouteille de 75 Cl.	7.50	-	https://www.macave.leclerc/domaine-combe-darroux		Beaujolais- Vin Rouge	AOC Juliénas	2016	Beaujolais- Vin Rouge	La bouteille de 75 Cl.10 € / L (prix E.Leclerc)	https://www.macave.leclerc/media/catalog/product/cache/1/image/9df78eab33525d08d6e5fb8d27136e95/images/catalog/product/placeholder/image.jpg	
jean-charles-pivot-prestige-regnie	lec		La bouteille de 75 Cl.	5.95	-	https://www.macave.leclerc/jean-charles-pivot-prestige-regnie		Beaujolais- Vin Rouge	AOC Régnié	2016	Beaujolais- Vin Rouge	La bouteille de 75 Cl.7.93 € / L (prix E.Leclerc)	https://www.macave.leclerc/media/catalog/product/cache/1/image/9df78eab33525d08d6e5fb8d27136e95/j/e/jean_charles_pivot_prestige_2016_1.jpg	
georges-duboeuf-beaujolais-primeur-2017	lec		La bouteille de 75 Cl.	5.55	-	https://www.macave.leclerc/georges-duboeuf-beaujolais-primeur-2017		Beaujolais- Vin Rouge	AOC Beaujolais	2017	Beaujolais- Vin Rouge	La bouteille de 75 Cl.7.4 € / L (prix E.Leclerc)	https://www.macave.leclerc/media/catalog/product/cache/1/image/9df78eab33525d08d6e5fb8d27136e95/g/e/georges-duboeuf-beaujolais-nouveau-2017_1.jpg	
pierre-brisset-la-combe-aux-moines	lec		La bouteille de 75 Cl.	75.00	-	https://www.macave.leclerc/pierre-brisset-la-combe-aux-moines		Bourgogne- Vin Rouge	AOC Gevrey-Chambertin 1er Cru	2014	Bourgogne- Vin Rouge	La bouteille de 75 Cl.100 € / L (prix E.Leclerc)	https://www.macave.leclerc/media/catalog/product/cache/1/image/9df78eab33525d08d6e5fb8d27136e95/p/i/pierre-brisset---la-combe-aux-moines-2014-bouteille.jpg	
domaine-rene-monnier-2015	lec		La bouteille de 75 Cl.	28.50	-	https://www.macave.leclerc/domaine-rene-monnier-2015		Bourgogne- Vin Blanc	AOC Meursault	2015	Bourgogne- Vin Blanc	La bouteille de 75 Cl.38 € / L (prix E.Leclerc)	https://www.macave.leclerc/media/catalog/product/cache/1/image/9df78eab33525d08d6e5fb8d27136e95/c/1/c1285_xavier_monnot_sas_-_meursault_les_chevalieres__domaine_rene_monnier__2015_1_.jpg	
marc-rougeot-dupin-gamay-2015	lec		La bouteille de 75 Cl.	7.50	-	https://www.macave.leclerc/marc-rougeot-dupin-gamay-2015		Bourgogne- Vin Rouge	AOC Bourgogne Gamay	2015	Bourgogne- Vin Rouge	La bouteille de 75 Cl.10 € / L (prix E.Leclerc)	https://www.macave.leclerc/media/catalog/product/cache/1/image/9df78eab33525d08d6e5fb8d27136e95/c/1/c1262_maison_albert_bichot_-_bourgogne_gamay.jpg	
georges-duboeuf-les-minaudieres-2015	lec		La bouteille de 75 Cl.	7.40	-	https://www.macave.leclerc/georges-duboeuf-les-minaudieres-2015		Beaujolais- Vin Rouge	AOC Juliénas	2015	Beaujolais- Vin Rouge	La bouteille de 75 Cl.9.87 € / L (prix E.Leclerc)	https://www.macave.leclerc/media/catalog/product/cache/1/image/9df78eab33525d08d6e5fb8d27136e95/g/e/georges_duboeuf_les_minaudieres_2015.jpg	
georges-duboeuf-le-grand-st-vincent-2014	lec		La bouteille de 75 Cl.	17.50	-	https://www.macave.leclerc/georges-duboeuf-le-grand-st-vincent-2014		Bourgogne- Vin Blanc	AOC Pouilly-Fuissé	2014	Bourgogne- Vin Blanc	La bouteille de 75 Cl.23.33 € / L (prix E.Leclerc)	https://www.macave.leclerc/media/catalog/product/cache/1/image/9df78eab33525d08d6e5fb8d27136e95/l/e/le_grand_saint_vincent_2014.jpg	
marc-rougeot-dupin-village-2014	lec		La bouteille de 75 Cl.	29.95	-	https://www.macave.leclerc/marc-rougeot-dupin-village-2014		Bourgogne- Vin Rouge	AOC Nuits-Saint-Georges	2014	Bourgogne- Vin Rouge	La bouteille de 75 Cl.39.93 € / L (prix E.Leclerc)	https://www.macave.leclerc/media/catalog/product/cache/1/image/9df78eab33525d08d6e5fb8d27136e95/m/a/MARC_ROUGEOT_DUPIN_VILLAGE_1_1.jpg	
freres-muzard-les-cabottes	lec		La bouteille de 75 Cl.	19.50	-	https://www.macave.leclerc/freres-muzard-les-cabottes		Bourgogne- Vin Rouge	AOC Santenay 1er Cru	2014	Bourgogne- Vin Rouge	La bouteille de 75 Cl.26 € / L (prix E.Leclerc)	https://www.macave.leclerc/media/catalog/product/cache/1/image/9df78eab33525d08d6e5fb8d27136e95/f/r/freres_muzard_les_cabottes_2014.jpg	
domaine-francoise-denis-clair	lec		La bouteille de 75 Cl.	14.00	-	https://www.macave.leclerc/domaine-francoise-denis-clair		Bourgogne- Vin Rouge	AOC Santenay	2013	Bourgogne- Vin Rouge	La bouteille de 75 Cl.18.67 € / L (prix E.Leclerc)	https://www.macave.leclerc/media/catalog/product/cache/1/image/9df78eab33525d08d6e5fb8d27136e95/d/o/domaine_francoise_denis_clair.jpg	
domaine-dubois-r-fils	lec		La bouteille de 75 Cl.	25.00	-	https://www.macave.leclerc/domaine-dubois-r-fils		Bourgogne- Vin Rouge	AOC Nuits-Saint-Georges	2014	Bourgogne- Vin Rouge	La bouteille de 75 Cl.33.33 € / L (prix E.Leclerc)	https://www.macave.leclerc/media/catalog/product/cache/1/image/9df78eab33525d08d6e5fb8d27136e95/D/o/DOMAINE_DUBOIS_NUITS_SAINT_GEORGES.jpg	
domaine-bachelet-bertrand-2013	lec		La bouteille de 75 Cl.	18.00	-	https://www.macave.leclerc/domaine-bachelet-bertrand-2013		Bourgogne- Vin Rouge	AOC Maranges 1er Cru	2013	Bourgogne- Vin Rouge	La bouteille de 75 Cl.24 € / L (prix E.Leclerc)	https://www.macave.leclerc/media/catalog/product/cache/1/image/9df78eab33525d08d6e5fb8d27136e95/m/a/MARANGES_1ER_CRU_FUSSIERE.jpg	
collin-bourisset-les-carroz	lec		La bouteille de 75 Cl.	3.99	-	https://www.macave.leclerc/collin-bourisset-les-carroz		Bourgogne- Vin Rouge	AOC Coteaux Bourguignons	2015	Bourgogne- Vin Rouge	La bouteille de 75 Cl.Soit 23.94€ le carton 6x75 Cl5.32 € / L (prix E.Leclerc)	https://www.macave.leclerc/media/catalog/product/cache/1/image/9df78eab33525d08d6e5fb8d27136e95/C/O/COLLIN_BOURISSET_LES_CARROZ.jpg	
domaine-theuriet-huguenot	lec		La bouteille de 75 Cl.	15.00	-	https://www.macave.leclerc/domaine-theuriet-huguenot		Bourgogne- Vin Rouge	AOC Côte de Nuits Villages	2013	Bourgogne- Vin Rouge	La bouteille de 75 Cl.20 € / L (prix E.Leclerc)	https://www.macave.leclerc/media/catalog/product/cache/1/image/9df78eab33525d08d6e5fb8d27136e95/D/o/DOMAINE_THEURIET_HUGUENOT.jpg	
chateau-de-melin-3760050743254	lec		La bouteille de 75 Cl.	10.50	-	https://www.macave.leclerc/chateau-de-melin-3760050743254		Bourgogne- Vin Rouge	AOC Bourgogne Hautes-Côtes de Beaune	2015	Bourgogne- Vin Rouge	La bouteille de 75 Cl.14 € / L (prix E.Leclerc)	https://www.macave.leclerc/media/catalog/product/cache/1/image/9df78eab33525d08d6e5fb8d27136e95/C/H/CHATEAU_DE_MELIN_2015.jpg	
domaine-de-la-roche-aux-loups	lec		La bouteille de 75 Cl.	10.00	-	https://www.macave.leclerc/domaine-de-la-roche-aux-loups		Bourgogne- Vin Rouge	AOC Bourgogne Hautes-Côtes de Beaune	2015	Bourgogne- Vin Rouge	La bouteille de 75 Cl.13.33 € / L (prix E.Leclerc)	https://www.macave.leclerc/media/catalog/product/cache/1/image/9df78eab33525d08d6e5fb8d27136e95/r/o/ROCHE_AUX_LOUPS_BOURGOGNE_HAUTES_COTES_DE_BEAUNE.jpg	
domaine-des-gandines	lec		La bouteille de 75 Cl.	10.50	-	https://www.macave.leclerc/domaine-des-gandines		Bourgogne- Vin Blanc	AOC Viré-Clessé	2015	Bourgogne- Vin Blanc	La bouteille de 75 Cl.14 € / L (prix E.Leclerc)	https://www.macave.leclerc/media/catalog/product/cache/1/image/9df78eab33525d08d6e5fb8d27136e95/D/o/DOMAINE_GANDINES_VIRE_CLESSE.jpg	
levert-freres	lec		La bouteille de 75 Cl.	8.30	-	https://www.macave.leclerc/levert-freres		Bourgogne- Vin Blanc	AOC Viré-Clessé	2015	Bourgogne- Vin Blanc	La bouteille de 75 Cl.11.07 € / L (prix E.Leclerc)	https://www.macave.leclerc/media/catalog/product/cache/1/image/9df78eab33525d08d6e5fb8d27136e95/L/E/LEVERT_FRERES_VIRE_CLESSE.jpg	
tessellae-chardonnay-2015	lec		La bouteille de 75 Cl.	4.95	-	https://www.macave.leclerc/tessellae-chardonnay-2015		Languedoc-Roussillon- Vin Blanc	IGP Côte Catalanes	2015	Languedoc-Roussillon- Vin Blanc	La bouteille de 75 Cl.6.6 € / L (prix E.Leclerc)	https://www.macave.leclerc/media/catalog/product/cache/1/image/9df78eab33525d08d6e5fb8d27136e95/c/1/c1241_cap_vignobles_-_igp_cotes_catalanes_chardonnay_tesselae_2016_2.jpg	
la-mandragore-sorcieres-2016	lec		La bouteille de 75 Cl.	10.50	-	https://www.macave.leclerc/la-mandragore-sorcieres-2016		Rhône- Vin Rouge	AOC Saint-Joseph	2016	Rhône- Vin Rouge	La bouteille de 75 Cl.14 € / L (prix E.Leclerc)	https://www.macave.leclerc/media/catalog/product/cache/1/image/9df78eab33525d08d6e5fb8d27136e95/l/a/la_mandragore_sorcieres_2016.jpg	
chateau-brespaillan-2014	lec		La bouteille de 75 Cl.	8.00 4.80	-	https://www.macave.leclerc/chateau-brespaillan-2014		Bordeaux- Vin Rouge	AOC Bordeaux Supérieur	2014	Bordeaux- Vin Rouge	La bouteille de 75 Cl.Soit 28.8€ le carton 6x75 Cl6.4 € / L (prix E.Leclerc)	https://www.macave.leclerc/media/catalog/product/cache/1/image/9df78eab33525d08d6e5fb8d27136e95/c/h/ch_teau-brespaillan-2014---bouteille.jpg	
chateau-du-haut-guerin	lec		La bouteille de 75 Cl.	5.95 4.76	-	https://www.macave.leclerc/chateau-du-haut-guerin		Bordeaux- Vin Rouge	AOC Blaye Côtes de Bordeaux	2014	Bordeaux- Vin Rouge	La bouteille de 75 Cl.Soit 28.56€ le carton 6x75 Cl6.35 € / L (prix E.Leclerc)	https://www.macave.leclerc/media/catalog/product/cache/1/image/9df78eab33525d08d6e5fb8d27136e95/h/a/haut-guerin.jpg	
l-heritage-laurenzane-2013	lec		La bouteille de 75 Cl.	11.50 8.63	-	https://www.macave.leclerc/l-heritage-laurenzane-2013		Bordeaux- Vin Rouge	AOC Pauillac	2013	Bordeaux- Vin Rouge	La bouteille de 75 Cl.Soit 51.78€ le carton 6x75 Cl11.51 € / L (prix E.Leclerc)	https://www.macave.leclerc/media/catalog/product/cache/1/image/9df78eab33525d08d6e5fb8d27136e95/l/_/l_heritage-laurenzane---bouteille.jpg	
tessellae-muscat-2016	lec		La bouteille de 75 Cl.	5.50 4.40	-	https://www.macave.leclerc/tessellae-muscat-2016		Languedoc-Roussillon- Vin Blanc	IGP Côte Catalanes	2016	Languedoc-Roussillon- Vin Blanc	La bouteille de 75 Cl.Soit 26.4€ le carton 6x75 Cl5.87 € / L (prix E.Leclerc)	https://www.macave.leclerc/media/catalog/product/cache/1/image/9df78eab33525d08d6e5fb8d27136e95/m/a/macave-vf37-resize403x471_0009_c1242_cap_vignobles_-_igp_cotes_catalanes_muscat_sec_tesselae_2016.jpg	
moulin-grangere-2015	lec		La bouteille de 75 Cl.	16.50 11.55	-	https://www.macave.leclerc/moulin-grangere-2015		Bordeaux- Vin Rouge	AOC Saint-Emilion Grand Cru	2015	Bordeaux- Vin Rouge	La bouteille de 75 Cl.15.4 € / L (prix E.Leclerc)	https://www.macave.leclerc/media/catalog/product/cache/1/image/9df78eab33525d08d6e5fb8d27136e95/c/h/chateau_moulin_de_la_grangere_2014_1.jpg	
chateau-relais-de-la-poste-2014	lec		La bouteille de 75 Cl.	10.84 6.50	-	https://www.macave.leclerc/chateau-relais-de-la-poste-2014		Bordeaux- Vin Rouge	AOC Côtes de Bourg	2014	Bordeaux- Vin Rouge	La bouteille de 75 Cl.Soit 39€ le carton 6x75 Cl8.67 € / L (prix E.Leclerc)	https://www.macave.leclerc/media/catalog/product/cache/1/image/9df78eab33525d08d6e5fb8d27136e95/c/h/chateau_relais_poste_2012.jpg	
chateau-thieuley-2015	lec		La bouteille de 75 Cl.	6.50	-	https://www.macave.leclerc/chateau-thieuley-2015		Bordeaux- Vin Blanc	AOC Bordeaux	2015	Bordeaux- Vin Blanc	La bouteille de 75 Cl.8.67 € / L (prix E.Leclerc)	https://www.macave.leclerc/media/catalog/product/cache/1/image/9df78eab33525d08d6e5fb8d27136e95/i/_/i_1227_vignobles_francis_courselle_-_bordeaux_blanc__chateau_thieuley__2015_2_.jpg	
chateau-boutisse-2015	lec		La bouteille de 75 Cl.	15.95	-	https://www.macave.leclerc/chateau-boutisse-2015		Bordeaux- Vin Rouge	AOC Saint-Emilion Grand Cru	2015	Bordeaux- Vin Rouge	La bouteille de 75 Cl.21.27 € / L (prix E.Leclerc)	https://www.macave.leclerc/media/catalog/product/cache/1/image/9df78eab33525d08d6e5fb8d27136e95/i/_/i_1084_domaine_de_chateau_boutisse_-_saint_emilion_grand_cru_chateau_boutisse_2015.jpg	
chateau-roque-le-mayne-2015	lec		La bouteille de 75 Cl.	8.40	-	https://www.macave.leclerc/chateau-roque-le-mayne-2015		Bordeaux- Vin Rouge	AOC Castillon Côtes de Bordeaux	2015	Bordeaux- Vin Rouge	La bouteille de 75 Cl.11.2 € / L (prix E.Leclerc)	https://www.macave.leclerc/media/catalog/product/cache/1/image/9df78eab33525d08d6e5fb8d27136e95/i/_/i_1224_vignerons_traditions_-_castillon_cotes_de_bordeaux__chateau_roque_le_mayne__2015_1_.jpg	
domaine-vocoret-fils-2016	lec		La bouteille de 75 Cl.	15.40	-	https://www.macave.leclerc/domaine-vocoret-fils-2016		Bourgogne- Vin Blanc	AOC Chablis 1er Cru	2016	Bourgogne- Vin Blanc	La bouteille de 75 Cl.20.53 € / L (prix E.Leclerc)	https://www.macave.leclerc/media/catalog/product/cache/1/image/9df78eab33525d08d6e5fb8d27136e95/D/o/DOMAINE_VOCORET_VIEILLES_VIGNES_2015_1.jpg	
clos-de-los-siete-2014	lec		La bouteille de 75 Cl.	12.95	-	https://www.macave.leclerc/clos-de-los-siete-2014		Vins du Monde- Vin Rouge	Argentine - Valle de Uco	2014	Vins du Monde- Vin Rouge	La bouteille de 75 Cl.17.27 € / L (prix E.Leclerc)	https://www.macave.leclerc/media/catalog/product/cache/1/image/9df78eab33525d08d6e5fb8d27136e95/i/_/i_1078_cvbg_dourthe_-_argentine__clos_de_los_siete__2014_1_.jpg	
chateau-la-negly-2016-blanc	lec		La bouteille de 75 Cl.	6.50	-	https://www.macave.leclerc/chateau-la-negly-2016-blanc		Languedoc-Roussillon- Vin Blanc	AOC La Clape	2016	Languedoc-Roussillon- Vin Blanc	La bouteille de 75 Cl.8.67 € / L (prix E.Leclerc)	https://www.macave.leclerc/media/catalog/product/cache/1/image/9df78eab33525d08d6e5fb8d27136e95/c/1/c1275_select_vins_-_languedoc_la_clape_chateau_la_negly_2016.jpg	
domaine-dutron-fils-les-vignes-du-chateau-2015	lec		La bouteille de 75 Cl.	13.80 11.50	-	https://www.macave.leclerc/domaine-dutron-fils-les-vignes-du-chateau-2015		Bourgogne- Vin Blanc	AOC Pouilly-Fuissé	2015	Bourgogne- Vin Blanc	La bouteille de 75 Cl.Soit 69€ le carton 6x75 Cl15.33 € / L (prix E.Leclerc)	https://www.macave.leclerc/media/catalog/product/cache/1/image/9df78eab33525d08d6e5fb8d27136e95/D/o/DOMAINE_DUTRON_VIGNES_DU_CHATEAU_2015.jpg	
olivier-bosse-platiere-st-amour-2016	lec		La bouteille de 75 Cl.	7.55	-	https://www.macave.leclerc/olivier-bosse-platiere-st-amour-2016		Beaujolais- Vin Rouge	AOC Saint-Amour	2016	Beaujolais- Vin Rouge	La bouteille de 75 Cl.10.07 € / L (prix E.Leclerc)	https://www.macave.leclerc/media/catalog/product/cache/1/image/9df78eab33525d08d6e5fb8d27136e95/o/l/olivier-bosse--platiere---moulin-a-vent---2016_1.jpg	
chateau-vieux-cassan-2015	lec		La bouteille de 75 Cl.	8.70 5.80	-	https://www.macave.leclerc/chateau-vieux-cassan-2015		Bordeaux- Vin Rouge	AOC Médoc	2015	Bordeaux- Vin Rouge	La bouteille de 75 Cl.Soit 34.8€ le carton 6x75 Cl7.73 € / L (prix E.Leclerc)	https://www.macave.leclerc/media/catalog/product/cache/1/image/9df78eab33525d08d6e5fb8d27136e95/c/h/chateau_vieux_cassan_2015.jpg	
esprit-de-valandraud	lec		La bouteille de 75 Cl.	25.90	-	https://www.macave.leclerc/esprit-de-valandraud		Bordeaux- Vin Rouge	AOC Saint-Emilion Grand Cru	2014	Bordeaux- Vin Rouge	La bouteille de 75 Cl.34.53 € / L (prix E.Leclerc)	https://www.macave.leclerc/media/catalog/product/cache/1/image/9df78eab33525d08d6e5fb8d27136e95/E/S/ESPRIT_DE_VALANDRAUD_2012.jpg	
domaine-pitault-landry-2016	lec		La bouteille de 75 Cl.	5.95	-	https://www.macave.leclerc/domaine-pitault-landry-2016		Loire- Vin Rouge	AOC Bourgueil	2016	Loire- Vin Rouge	La bouteille de 75 Cl.7.93 € / L (prix E.Leclerc)	https://www.macave.leclerc/media/catalog/product/cache/1/image/9df78eab33525d08d6e5fb8d27136e95/D/o/DOMAINE_PITAULT_LANDRY_2015_1.jpg	
jean-geiler-riesling-grand-cru-2015	lec		La bouteille de 75 Cl.	8.95 7.61	-	https://www.macave.leclerc/jean-geiler-riesling-grand-cru-2015		Alsace- Vin Blanc	AOC Alsace Riesling Grand Cru	2015	Alsace- Vin Blanc	La bouteille de 75 Cl.10.15 € / L (prix E.Leclerc)	https://www.macave.leclerc/media/catalog/product/cache/1/image/9df78eab33525d08d6e5fb8d27136e95/r/i/riesling_grand_cru_sommerberg_jean_geiler_2015.jpg	
chateau-haut-coustet-2014	lec		La bouteille de 75 Cl.	11.95	-	https://www.macave.leclerc/chateau-haut-coustet-2014		Bordeaux- Vin Blanc Moelleux	AOC Sauternes	2014	Bordeaux- Vin Blanc Moelleux	La bouteille de 75 Cl.15.93 € / L (prix E.Leclerc)	https://www.macave.leclerc/media/catalog/product/cache/1/image/9df78eab33525d08d6e5fb8d27136e95/c/h/chateau_haut_coustet_2013_1.jpg	
petit-soutard-2014	lec		La bouteille de 75 Cl.	13.90	-	https://www.macave.leclerc/petit-soutard-2014		Bordeaux- Vin Rouge	AOC Saint-Emilion	2014	Bordeaux- Vin Rouge	La bouteille de 75 Cl.18.53 € / L (prix E.Leclerc)	https://www.macave.leclerc/media/catalog/product/cache/1/image/9df78eab33525d08d6e5fb8d27136e95/P/E/PETIT_SOUTARD_2014.jpg	
joseph-cattin-vieilles-vignes-2016	lec		La bouteille de 75 Cl.	6.95 5.91	-	https://www.macave.leclerc/joseph-cattin-vieilles-vignes-2016		Alsace- Vin Blanc Moelleux	AOC Alsace Gewurztraminer	2016	Alsace- Vin Blanc Moelleux	La bouteille de 75 Cl.7.88 € / L (prix E.Leclerc)	https://www.macave.leclerc/media/catalog/product/cache/1/image/9df78eab33525d08d6e5fb8d27136e95/J/O/JOSEPH_CATTIN_VIEILLES_VIGNES_2015_1.jpg	
vincent-ricard-le-bouc-2016	lec		La bouteille de 75 Cl.	5.25	-	https://www.macave.leclerc/vincent-ricard-le-bouc-2016		Loire- Vin Blanc	AOC Touraine	2016	Loire- Vin Blanc	La bouteille de 75 Cl.7 € / L (prix E.Leclerc)	https://www.macave.leclerc/media/catalog/product/cache/1/image/9df78eab33525d08d6e5fb8d27136e95/L/E/LE_BOUC_2015_1.jpg	
le-clos-de-vauriou	lec		La bouteille de 75 Cl.	7.80	-	https://www.macave.leclerc/le-clos-de-vauriou		Loire- Vin Rouge	AOC Touraine	2014	Loire- Vin Rouge	La bouteille de 75 Cl.10.4 € / L (prix E.Leclerc)	https://www.macave.leclerc/media/catalog/product/cache/1/image/9df78eab33525d08d6e5fb8d27136e95/C/l/CLOS_VAURIOU.jpg	
le-vilain-p-tit-rouge	lec		La bouteille de 75 Cl.	10.75	-	https://www.macave.leclerc/le-vilain-p-tit-rouge		Loire- Vin Rouge	AOC Touraine	2015	Loire- Vin Rouge	La bouteille de 75 Cl.14.33 € / L (prix E.Leclerc)	https://www.macave.leclerc/media/catalog/product/cache/1/image/9df78eab33525d08d6e5fb8d27136e95/v/i/VILAIN_PTIT_ROUGE.jpg	
l-effrontee	lec		La bouteille de 50 Cl.	27.00	-	https://www.macave.leclerc/l-effrontee		Loire- Vin Blanc Moelleux	Vin de France	2011	Loire- Vin Blanc Moelleux	La bouteille de 50 Cl.54 € / L (prix E.Leclerc)	https://www.macave.leclerc/media/catalog/product/cache/1/image/9df78eab33525d08d6e5fb8d27136e95/e/f/EFFRONTEE.jpg	
chateau-de-gaudou-tradition	lec		La bouteille de 75 Cl.	6.00	-	https://www.macave.leclerc/chateau-de-gaudou-tradition		Sud-Ouest- Vin Rouge	AOC Cahors	2015	Sud-Ouest- Vin Rouge	La bouteille de 75 Cl.8 € / L (prix E.Leclerc)	https://www.macave.leclerc/media/catalog/product/cache/1/image/9df78eab33525d08d6e5fb8d27136e95/C/H/CHATEAU_GAUDOU_TRADITION.jpg	
